3375 5084
1852 306 1979 379 258

824 494 1030 558 etiam
1074 493 1258 558 levia
1300 493 1596 577 vestigia
1638 496 1823 577 apud
1865 495 2224 557 Romanos
2255 495 2387 557 sibi
2415 495 2740 577 aequales
2761 496 3003 559 adaese

826 631 1034 693 saepe
1079 610 1314 673 statuit
1357 609 1687 692 Polybius
1733 610 1870 693 (cfi‘.
1917 611 2113 673 XJJJ.
2160 632 2217 674 c.
2264 633 2302 689 3
2350 617 2384 687 ἓ
2435 611 2522 693 7);
2555 632 2713 675 cum
2739 622 3008 693 partem

823 727 1151 789 maiorem
1218 737 1493 790 senatus
1562 728 1711 802 „cui
1768 728 1994 809 potior
2054 727 2240 791 utilis
2284 748 2492 809 quam
2531 729 2803 791 honesti
2847 749 3009 792 cura

827 843 1044 907 esset”
1104 844 1432 906 avaritiae
1489 852 1560 905 et
1620 842 1920 906 libidinis
1971 844 2273 925 arg-uerit
2332 843 2469 926 (cfr,
2514 845 2725 907 etiam
2767 843 3008 906 XXV.

832 981 856 1020 1
869 1008 883 1021 .
933 959 1019 1041 4),
1065 934 1329 1040 partem
1376 956 1714 1041 Scipionis
1760 969 1831 1022 et
1875 960 2132 1023 amicos
2175 980 2334 1022 suos
2357 961 2677 1026 ‚indicare
2706 960 3005 1035 videtur,

822 1074 1210 1157 ubicunque
1278 1076 1461 1137 viros
1528 1076 1884 1138 Romanos
1951 1096 1996 1137 a
2059 1074 2298 1139 fiaude
2367 1086 2438 1139 et
2503 1075 2684 1139 furto
2748 1077 3007 1138 alienos

820 1200 1154 1253 memorat
1192 1185 1254 1271 ¹).
1346 1188 1489 1254 Sed
1547 1191 1780 1254 nescio
1840 1212 1930 1253 an
1990 1211 2147 1254 cum
2203 1191 2534 1273 Polybius
2550 1241 2566 1266 ‚
2611 1201 2760 1255 tum
2803 1192 3009 1273 scrip-

823 1316 1007 1369 tores
1078 1316 1389 1369 recentes
1456 1307 1573 1388 qui
1645 1307 2002 1370 consilium
2071 1306 2367 1371 Senatus
2433 1308 2739 1371 Romani
2804 1306 3008 1390 quale

820 1432 981 1485 ante
1025 1422 1287 1485 bellum
1330 1422 1683 1487 Persicum
1726 1422 1856 1486 fuit
1898 1423 2177 1487 laudare
2224 1434 2295 1487 et
2338 1424 2636 1487 consiliis
2660 1423 3008 1506 peioribus

820 1539 1148 1621 temporis
1191 1540 1586 1621 posterioris
1631 1540 1871 1602 sedulo
1918 1560 2265 1622 opponere
2295 1541 2563 1604 soleant
2578 1589 2593 1615 ‚
2625 1540 2822 1603 nimis
2844 1539 3007 1602 huic

819 1654 998 1736 parti
1044 1655 1360 1718 tribuant
1452 1655 1629 1718 Nam
1675 1656 1941 1720 etiamsi
1956 1705 1972 1730 ‚
2017 1666 2092 1719 ut
2134 1656 2264 1718 viri
2306 1656 2705 1719 liberalibus
2752 1657 3011 1719 artibus

819 1769 1045 1852 magis
1111 1770 1355 1833 eruditi
1370 1819 1385 1846 ,
1452 1791 1589 1834 non
1655 1782 1799 1835 tam
1866 1791 2094 1835 crassa
2158 1772 2445 1835 avaritia
2509 1773 2581 1834 in
2656 1772 3013 1853 republica

820 1887 1128 1969 gerenda
1186 1908 1263 1950 se
1324 1889 1481 1951 duci
1539 1889 1727 1971 passi
1771 1899 1928 1952 sunt
1971 1899 2180 1970 atque
2224 1889 2502 1952 alterius
2546 1890 2759 1970 partis
2803 1889 2971 1952 socii
2992 1937 3008 1963 ‚

821 2013 1052 2067 tamen
1107 2005 1291 2085 apud
1346 2025 1466 2067 eos
1511 2025 1788 2087 quoque
1831 2006 2209 2088 imperandi
2253 2006 2501 2087 cupido
2549 2006 2848 2068 maxime
2890 2025 3007 2067 va-

820 2119 1013 2183 lebat
1029 2168 1045 2195 ,
1108 2140 1332 2201 neque
1376 2130 1640 2183 tantum
1684 2120 1960 2184 Romae
2004 2121 2158 2185 urbi
2203 2121 2388 2184 orbis
2432 2122 2632 2184 liberi
2674 2121 3006 2203 principa-

822 2244 969 2299 tum
1014 2235 1188 2310 dari,
1235 2236 1359 2298 sed
1405 2236 1610 2299 etiam
1655 2236 1843 2319 ipsos
1887 2237 2160 2300 Romae
2206 2237 2276 2300 in
2305 2238 2475 2301 urbe
2503 2238 2758 2319 primas
2777 2246 3007 2319 partes

822 2336 998 2416 tueri
1058 2353 1371 2415 avebant.
1461 2352 1727 2417 Idcirco
1786 2354 2027 2435 populi
2085 2354 2387 2417 Romani
2445 2352 2753 2417 favorem
2806 2353 3007 2416 bellis

822 2467 1180 2530 temerarie
1226 2468 1561 2549 susceptis
1607 2477 1679 2531 et
1723 2466 2014 2533 feliciter
2056 2469 2271 2552 gestis
2286 2517 2302 2545 ,
2348 2470 2657 2552 gentium
2698 2480 3008 2533 externa-

819 2603 970 2646 rum
1014 2582 1320 2646 favorem
1366 2584 1595 2665 specie
1641 2584 1977 2648 libertatis
2023 2595 2300 2667 captare
2345 2586 2728 2649 studebant.
2807 2585 3012 2647 Hanc

762 2773 765 2776 ¹
822 2699 1210 2762 libertatem
1277 2698 1595 2762 stabilem
1661 2719 1800 2761 non
1857 2699 2066 2763 fuisse
2124 2721 2235 2764 res
2297 2702 2489 2783 ipsae
2536 2702 2976 2765 ostenderunt
2991 2749 3007 2776 ,

823 2816 945 2879 sed
1030 2815 1363 2898 Polybius
1436 2817 1507 2879 id
1571 2836 1906 2898 nusquam
1973 2818 2223 2881 diserte
2289 2818 2649 2893 indicavit;
2717 2818 2897 2881 idem
2965 2838 3012 2880 a

823 2931 1226 2994 temeritatis
1294 2931 1571 2994 crimine
1640 2929 2031 3014 Scipionem
2098 2932 2346 2996 frustra
2412 2935 2648 2997 levare
2710 2942 3007 2996 conatur.

823 3045 1137 3128 Denique
1154 3095 1169 3122 ,
1237 3067 1325 3109 ne
1394 3067 1666 3110 omnem
1736 3038 2210 3112 auctoritatem
2275 3050 2347 3112 in
2413 3051 2622 3112 rebus
2688 3049 3010 3132 gerendis

824 3162 1210 3226 amitterent
1225 3211 1239 3238 ‚
1310 3163 1589 3227 alterius
1655 3165 1869 3245 partis
1929 3166 2308 3247 superantis
2369 3165 2667 3230 consiliis
2726 3187 2802 3229 se
2853 3166 3011 3228 sub-

824 3277 1094 3341 mittere
1184 3279 1593 3354 debuerunt3
1671 3279 2010 3344 Aemilius
2082 3301 2373 3364 regnum
2448 3282 2971 3346 Macedonicum
2993 3329 3009 3356 ,

826 3392 1059 3476 Scipio
1105 3395 1323 3457 minor
1368 3394 1854 3478 Carthaginem
1899 3397 2183 3470 delevit,
2214 3417 2625 3481 quamquam
2649 3407 3006 3478 utrumque

822 3511 1083 3574 bellum
1144 3511 1233 3572 ab
1291 3511 1697 3575 adversariis
1741 3513 2090 3596 inceptum
2136 3523 2207 3577 et
2249 3515 2494 3578 horum
2540 3514 2833 3577 consiliis
2876 3514 3005 3576 uti-

822 3625 1152 3690 lissimum
1224 3636 1387 3690 erat.
1489 3626 1687 3710 Quae
1758 3637 1987 3692 autem
2054 3628 2126 3692 in
2190 3639 2387 3711 parte
2458 3630 2741 3712 politica
2804 3648 3007 3691 nemo

823 3742 1354 3824 reprehensurus
1415 3751 1519 3805 est
1536 3791 1551 3818 ,
1606 3743 1861 3826 quippe
1908 3763 2084 3825 quae
2129 3745 2550 3827 temporibus
2594 3744 2845 3808 serviat
2884 3764 3004 3807 ne·

826 3877 1017 3921 cesse
1093 3857 1214 3933 sit3
1291 3858 1414 3922 sed
1481 3858 1813 3941 Polybius
1882 3879 2116 3924 eorum
2184 3860 2466 3925 consilio
2534 3861 2633 3924 ita
2699 3861 2974 3924 laudato
2990 3909 3007 3935 ‚

827 3973 1021 4054 quasi
1069 3972 1133 4036 ei
1180 3974 1395 4037 solam
1441 3975 1933 4040 humanitatem
1948 4024 1964 4052 ,
2009 3977 2329 4041 virtutem
2376 3977 2707 4053 colerent,
2739 3976 2858 4040 ubi
2881 3996 3007 4039 eos

915 4229 956 4310 ¹)
1012 4231 1132 4292 Cfr.
1188 4242 1422 4310 praeter
1469 4234 1968 4311 1.1.supra1.1.
2014 4236 2239 4318 XVIII
2285 4254 2358 4315 35
2403 4243 2431 4309 ς
2472 4257 2512 4310 4
2553 4254 2715 4313 sqq.;
2758 4235 3008 4294 XXXII.

827 4326 880 4385 8.
927 4348 963 4403 3
1005 4347 1168 4406 sqq.;
1207 4329 1333 4394 Liv.
1378 4333 1567 4391 XLII.
1608 4352 1659 4392 c.
1706 4347 1817 4407 47,
1860 4330 2015 4394 alibi.
