3375 5084
1825 384 1952 440 244

797 558 1071 620 summis
1138 556 1452 618 laudibus
1511 576 1648 618 non
1709 558 1894 638 apud
1953 556 2279 620 Achaeos
2339 556 2559 618 solum
2575 605 2590 630 ,
2636 557 2760 618 sed
2805 555 2996 637 apud

796 694 1030 737 omnes
1089 675 1299 757 digna
1368 683 1473 737 est
1518 674 1572 753 ¹).
1661 674 1834 736 Eam
1880 675 2171 736 salutem
2215 693 2419 755 quam
2463 675 2553 735 ab
2600 672 2820 735 Arato
2868 673 2994 734 ali-

795 800 963 872 quot
1033 791 1287 872 oppida
1353 798 1597 872 sponte
1656 790 2048 871 acceperint
2064 838 2079 864 ,
2140 789 2356 852 multa
2416 789 2693 851 inducta
2735 786 2874 850 fide
2921 797 3000 849 et

794 908 1055 969 ratione
1074 955 1089 981 ,
1134 906 1459 969 nonnulla
1505 907 1709 969 etiam
1754 907 1826 968 vi
1870 916 1941 968 et
1986 906 2190 968 armis
2236 914 2476 968 coacta
2514 905 2558 985 2)
2576 953 2591 979 ,
2636 905 2743 966 his
2785 905 2997 966 rebus

794 1024 1121 1086 contineri
1183 1023 1378 1086 dicit:
1426 1023 1691 1085 sincero
1737 1023 1959 1085 studio
2008 1032 2079 1084 et
2123 1042 2353 1084 amore
2397 1022 2733 1083 libertatis
2779 1040 2993 1082 verae

793 1146 863 1200 et
905 1138 1256 1219 popularis
1290 1135 1360 1218 ³),
1407 1138 1827 1201 humanitate
1875 1147 1946 1200 et
1990 1138 2237 1200 eodem
2266 1138 2412 1200 iure
2443 1119 2758 1199 omnibus
2780 1136 2988 1199 sociis

795 1253 1049 1316 tributo
1087 1252 1148 1330 ⁴).
1249 1252 1450 1316 Multi
1518 1254 1743 1316 conati
1812 1263 1968 1317 sunt
2033 1253 2588 1334 Peloponnesum
2654 1254 2724 1316 in
2785 1273 2997 1315 unam

795 1371 1288 1451 rempublicam
1353 1390 1604 1452 cogere
1622 1418 1637 1444 ‚
1683 1371 1798 1432 uni
1842 1370 2062 1433 Arato
2107 1371 2455 1452 inceptum
2500 1371 2678 1432 bene
2724 1390 2996 1433 succes-

796 1486 884 1548 sit
903 1533 919 1559 ,
979 1485 1080 1547 illi
1140 1486 1319 1548 enim
1379 1506 1515 1548 non
1576 1487 1950 1549 communis
2015 1487 2137 1549 sed
2198 1507 2362 1548 suae
2408 1486 2742 1549 libertatis
2789 1506 3002 1549 causa

796 1620 943 1663 rem
1009 1612 1449 1683 susceperant
1486 1603 1548 1681 ⁵).
1642 1601 1894 1665 Contra
1953 1602 2154 1665 Arati
2214 1612 2286 1665 et
2346 1601 2786 1665 Achaeorum
2804 1650 2818 1676 ,
2866 1601 2967 1663 ait
2983 1650 2998 1675 ,

797 1718 929 1780 hoc
998 1716 1125 1780 fuit
1187 1718 1608 1800 propositum
1653 1729 1730 1781 ut
1773 1739 1965 1781 suam
2010 1720 2399 1781 libertatem
2445 1719 2597 1781 aliis
2643 1716 2997 1792 offerrent,

799 1843 870 1896 et
932 1853 1050 1896 eos
1115 1834 1354 1897 sedulo
1399 1835 1976 1917 impugnaverunt
2039 1836 2154 1917 qui
2214 1836 2328 1898 vel
2390 1836 2530 1897 suis
2574 1835 2835 1897 viribus
2878 1834 2998 1896 vel

798 1949 986 2031 regis
1049 1949 1330 2012 alicuius
1387 1951 1632 2032 opibus
1674 1951 1966 2032 patriam
2011 1971 2202 2013 suam
2247 1952 2606 2014 subactam
2650 1959 2967 2013 tenerent
2983 1998 2998 2023 ,

800 2086 936 2146 qua
979 2067 1049 2127 in
1093 2086 1169 2128 re
1216 2067 1420 2130 etiam
1466 2067 1751 2130 aliorum
1797 2068 2054 2130 auxilio
2100 2068 2205 2129 usi
2250 2078 2407 2130 sunt
2438 2066 2501 2147 ⁶).

886 2182 1071 2245 Inter
1134 2203 1252 2245 eas
1310 2185 1514 2247 urbes
1576 2205 1745 2266 quas
1789 2185 1886 2247 ita
1930 2185 2019 2246 ad
2073 2183 2531 2260 „libertatem”
2577 2184 2997 2246 reduxerunt

798 2296 925 2360 fuit
1014 2296 1262 2380 Sparta
1287 2348 1302 2374 ‚
1383 2320 1588 2382 quam
1664 2321 1707 2361 a
1782 2280 2151 2369 Cleomene
2227 2309 2515 2382 tyranno
2590 2299 2995 2362 liberavisse

799 2413 1123 2476 Achaeos
1185 2424 1255 2477 et
1315 2414 1732 2478 Macedones
1786 2414 2078 2479 affirmat
2121 2416 2454 2498 Polybius
2487 2414 2550 2497 ⁷).
2642 2414 2744 2478 At
2787 2415 2995 2477 etiam

800 2528 1203 2593 Cleomenes
1265 2532 1552 2594 salutem
1615 2542 1685 2595 et
1746 2533 2132 2596 libertatem
2193 2534 2533 2615 quandam
2582 2529 2871 2613 Spartae
2919 2540 2991 2593 et

798 2645 1275 2727 Peloponneso
1322 2648 1484 2710 dare
1531 2649 1791 2711 studuit
1805 2698 1819 2723 ‚
1868 2649 2074 2711 etiam
2119 2649 2247 2710 nisi
2292 2647 2493 2711 fallor
2538 2648 2670 2710 alii.
2743 2647 2991 2729 Lydia-

801 2763 923 2824 des
999 2763 1625 2845 Megalopolitanus
1647 2814 1661 2839 ‚
1733 2766 1945 2828 nobili
2013 2766 2290 2849 ingenio
2358 2766 2621 2827 iuvenis
2647 2814 2661 2839 ‚
2731 2764 2993 2846 patriae

801 2878 1227 2959 tyrannidem
1282 2877 1631 2943 affectavit
1646 2930 1660 2955 ‚
1710 2882 2036 2963 deceptus
2053 2931 2067 2956 ‚
2114 2891 2190 2944 ut
2234 2882 2330 2944 ait
2373 2880 2781 2943 Plutarchus
2796 2928 2809 2954 ,
2856 2900 2992 2941 ser-

801 2996 1112 3058 monibus
1179 2997 1580 3077 quibusdam
1648 2998 1978 3061 simulatis
2042 3008 2112 3061 et
2171 2998 2481 3060 inanibus
2538 2997 2653 3080 qui
2712 3007 2859 3059 tum
2908 2997 2992 3059 de

801 3111 1068 3191 tyranni
1130 3109 1354 3175 officio
1411 3111 1803 3176 ferebantur
1856 3114 1977 3195 (Pl.
2024 3113 2218 3177 Arat.
2266 3135 2320 3177 c.
2371 3113 2508 3195 30);
2556 3134 2721 3176 mox
2766 3132 2992 3174 aemu-

802 3226 1056 3289 latione
1104 3238 1174 3290 et
1220 3238 1406 3291 metu
1450 3228 1649 3292 Arati
1678 3230 1995 3294 inductus
2012 3280 2027 3305 ‚
2058 3231 2320 3313 patriae
2352 3250 2624 3312 quoque
2652 3228 2996 3292 felicitatis

893 3505 934 3588 ¹)
975 3508 1052 3566 H.
1098 3509 1170 3567 61
1220 3515 1248 3579 ξ
1290 3508 1346 3566 8.

883 3603 935 3687 ²)
976 3607 1052 3666 Π·
1101 3608 1178 3683 38
1221 3614 1249 3678 ἓ
1295 3622 1346 3681 7-

885 3702 934 3786 ³)
976 3706 1054 3764 Π.
1102 3706 1178 3782 38
1221 3713 1248 3777 ς
1292 3707 1348 3763 6.

885 3801 936 3884 4)
980 3809 1156 3873 ἰσότης
1191 3810 1278 3865 καὶ
1316 3809 1684 3884 φιλανθρωπία
1724 3802 1868 3865 ibid.
1910 3811 1938 3877 ξ
1980 3806 2036 3864 8.

885 3901 937 3983 5)
977 3904 1055 3962 11·
1102 3919 1177 3979 37w
1220 3910 1248 3975 ἓ
1291 3921 1345 3979 9·

888 3999 937 4081 ὃ)
979 4003 1054 4063 II.
1122 4021 1213 4076 42)
1261 4008 1288 4072 ξ
1353 4022 1407 4078 3.
1491 4000 1570 4060 Iis
1625 4000 1820 4061 verbis
1874 4008 1941 4064 τὰ
1991 4005 2055 4067 δὲ,
2095 4007 2183 4063 καὶ
2221 4014 2320 4063 τῶν
2358 4009 2648 4083 συμμάχων
2691 3998 3003 4059 manifeste

804 4098 1095 4177 significat
1149 4109 1383 4176 praeter
1438 4101 1846 4165 Ptolemaeum
1897 4110 1956 4160 et
2003 4103 2309 4160 Romanos
2351 4098 2721 4177 Antigonum
2762 4118 3001 4177 regem3

803 4190 1019 4258 frustra
1059 4197 1143 4258 ita
1184 4208 1434 4259 conatur
1475 4198 1684 4259 foedus
1727 4198 1804 4259 ab
1845 4200 2036 4259 Arato
2079 4218 2217 4259 cum
2259 4197 2565 4277 Antigono
2605 4199 2833 4258 factum
2860 4217 3004 4258 cum

798 4294 905 4356 'illo
948 4297 1253 4374 proposito
1296 4297 1628 4358 conciliare.

898 4393 941 4473 ἲ)
984 4397 1087 4453 IV.
1138 4399 1208 4454 16
1276 4414 1341 4472 53
1386 4398 1490 4454 [V.
1538 4418 1628 4456 22.
1676 4417 1732 4468 4.
