3375 5084
1815 373 1929 431 192

777 546 955 625 λόγοι
1008 549 1150 627 περὶ
1201 551 1433 610 τούτου
1468 549 1578 609 τοῦ
1614 554 2032 626 πραγμάτος,
2064 547 2100 606 0‘
2129 549 2246 627 μὲν
2283 547 2599 625 ἐπιεικὴς,
2623 549 2659 608 ὁ
2684 542 2970 625 δ’ἕτερος

774 661 1174 744 παράδοξος,
1247 664 1321 727 οὐ
1393 665 1518 743 μὴν
1592 660 1940 735 ἀδύνατος.
2045 661 2207 723 XII.
2276 682 2331 723 C.
2405 682 2476 722 12
2544 667 2575 737 ἓ
2639 682 2673 738 3
2738 670 2974 723 narrat

773 778 1170 840 traditiones
1231 777 1601 858 populares
1661 777 2035 859 Bargyliae
2098 777 2470 839 incolarum
2529 778 2615 838 de
2662 777 2971 858 imagine

774 893 1147 956 Artemidis
1162 942 1175 967 ,
1225 913 1428 973 quam
1476 893 1602 955 etsi
1649 894 1778 954 sub
1825 893 1937 955 dio
1985 892 2323 955 collocata
2353 893 2441 955 sit
2469 913 2692 974 neque
2724 892 2964 974 pluvio

777 1029 999 1090 neque
1045 1010 1203 1070 nive
1250 1007 1601 1071 madefieri
1646 1010 1927 1071 credant
1973 1009 2562 1093 (καταπεφήμισται
2612 1006 2678 1072 δὲ
2717 1011 2826 1071 καὶ
2860 1035 2972 1071 πε-

775 1126 1114 1190 πίστευται
1165 1130 1343 1208 παρὰ
1392 1134 1527 1198 τοῖς
1575 1122 2123 1207 Βαργυλιήταις),
2156 1126 2340 1206 quod
2370 1126 2576 1188 etiam
2602 1125 2971 1186 nonnullos

774 1250 1085 1303 auctores
1157 1241 1526 1303 memoriae
1598 1240 2029 1302 mandavisse
2096 1241 2205 1303 ait.
2271 1279 2354 1286 ———
2421 1238 2748 1303 Sardibus
2811 1261 2972 1302 cum

775 1364 956 1418 esset
973 1404 988 1430 ‚
1060 1355 1477 1435 colloquium
1543 1354 1788 1417 habuit
1859 1375 2016 1417 cum
2089 1353 2481 1429 Chiomara‚
2545 1353 2975 1435 Ortiagontis

775 1492 993 1533 uxore
1039 1471 1237 1553 (Plut.
1284 1470 1456 1532 Mor.
1503 1491 1567 1551 p.
1622 1471 1803 1552 259),
1853 1491 2030 1551 quae
2052 1519 2066 1544 ,
2114 1481 2191 1532 ut
2235 1471 2504 1532 videtur
2522 1519 2536 1544 ‚
2578 1471 2642 1532 ei
2671 1470 2976 1532 narravit

774 1588 938 1669 quid
1003 1607 1208 1668 passa
1270 1597 1451 1649 esset
1513 1606 1665 1648 cum
1729 1587 2004 1667 captiva
2066 1586 2134 1648 in
2195 1585 2669 1648 Romanorum
2733 1586 2974 1647 castris

775 1704 1178 1766 retineretur
1245 1712 1316 1765 et
1385 1723 1522 1783 qua
1591 1702 1796 1764 animi
1869 1702 2339 1784 magnitudine
2404 1701 2867 1783 igmominiam
2932 1721 2977 1761 a

777 1815 1168 1880 centurione
1231 1819 1533 1899 quodam
1594 1826 1953 1898 acceptam
2015 1818 2162 1880 ulta
2224 1828 2405 1879 esset
2467 1816 2726 1899 (XXII.
2787 1836 2842 1878 e.
2890 1815 2974 1896 9).

867 1932 1131 2015 (Italz'a).
1221 1933 1592 1995 Praeterea
1652 1933 1922 1996 Italiam
1985 1942 2056 1995 et
2118 1933 2339 2013 Alpes
2353 1982 2367 2007 ,
2426 1931 2734 1995 Africam
2752 1980 2765 2007 ‚
2813 1931 2972 1993 His-

776 2051 1051 2132 paniam
1066 2099 1081 2124 ‚
1159 2041 1455 2113 Galliam
1523 2071 1598 2113 se
1665 2050 2143 2131 peragravisse
2213 2061 2282 2112 et
2351 2070 2537 2111 mare
2608 2059 2969 2111 externum

775 2166 1210 2248 navigavisse
1280 2166 1427 2247 ipse
1496 2166 1731 2229 statuit
1794 2160 1876 2246 ¹);
1949 2166 2035 2227 de
2098 2165 2232 2228 situ
2295 2165 2538 2228 Italiae
2609 2165 2754 2247 egit
2823 2163 2972 2225 libr.

781 2280 1133 2343 XXXIV.
1182 2303 1237 2344 c.
1295 2302 1371 2344 10
1418 2302 1514 2363 sq.
1585 2281 1853 2343 Horum
1886 2281 2202 2343 itinerum
2236 2302 2470 2344 omnes
2498 2281 2653 2343 libri
2677 2279 2974 2361 vestigia

715 2444 718 2448 .
780 2397 1038 2473 ferunt;
1108 2397 1326 2460 multa
1394 2397 1464 2459 in
1531 2398 1989 2459 narrationem
2059 2398 2353 2459 auctoris
2426 2397 2707 2459 alicuius
2770 2415 2974 2477 quem

779 2514 1083 2594 sequitur
1143 2514 1421 2576 inseruit
1440 2561 1453 2588 ‚
1516 2533 1693 2593 quae
1756 2514 1903 2593 ipse
1959 2513 2056 2576 ita
2100 2533 2175 2575 se
2221 2514 2479 2575 habere
2526 2522 2972 2593 compererat.

778 2627 894 2692 Sic
954 2628 1074 2691 III.
1138 2649 1194 2691 e.
1260 2650 1345 2706 40
1404 2633 1436 2704 ἓ
1494 2634 1532 2691 8
1580 2648 1861 2690 narrans
1907 2648 2017 2690 res
2062 2628 2219 2689 anni
2271 2649 2302 2689 2
2321 2633 2395 2691 18
2418 2676 2431 2703 ‚
2479 2623 2814 2689 Mutinam
2860 2646 2972 2688 co-

778 2744 1032 2807 loniam
1062 2744 1453 2806 Romanam
1485 2765 1634 2807 esse
1673 2745 1769 2806 de
1784 2764 1909 2807 suo
1936 2742 2313 2818 affirmavit3
2342 2754 2414 2805 at
2435 2743 2582 2805 Liv.
2609 2742 2972 2804 XXXIX.

777 2881 833 2923 e.
888 2880 966 2938 55
1020 2865 1051 2936 g
1101 2865 1138 2922 6
1187 2860 1466 2923 tradidit
1513 2879 1665 2922 eam
1712 2860 2049 2922 coloniam
2096 2881 2154 2922 a.
2213 2865 2329 2937 183
2382 2860 2744 2922 deductam
2789 2879 2971 2932 esse;

781 2975 1115 3058 Polybius
1161 2977 1247 3037 de
1294 2976 1423 3038 hac
1470 2977 1638 3037 urbe
1671 2975 1939 3055 scripsit
1971 2975 2243 3056 qualem
2273 2975 2420 3055 ipse
2451 2983 2695 3056 postea
2716 2974 2888 3036 vidit
2912 2971 2974 3053 2).

780 3091 1004 3154 Multa
1065 3092 1448 3154 huiusmodi
1506 3091 1810 3153 continet
1854 3090 1939 3153 II.
1988 3112 2043 3153 e.
2087 3070 2123 3151 '1
2140 3113 2173 3167 5
2198 3138 2212 3163 ‚
2261 3091 2346 3152 de
2392 3090 2612 3172 pretio
2658 3089 2974 3152 frumenti

776 3208 845 3270 in
906 3217 1125 3289 parte-
1150 3208 1691 3289 septemtrionali
1736 3207 1977 3270 Italiae
1996 3256 2010 3281 ,
2058 3207 2230 3281 alia3
2277 3207 2525 3268 deinde
2571 3207 2669 3268 ita
2712 3205 2972 3287 pergit:

777 3324 823 3386 ii
889 3324 1004 3405 qui
1063 3324 1239 3386 hanc
1308 3324 1663 3405 regionem
1709 3332 2083 3405 peragrant
2131 3343 2286 3385 cum
2332 3323 2400 3385 in
2445 3323 2812 3403 hospitium
2857 3323 2974 3383 de-

776 3449 1054 3502 vertunt
1072 3488 1086 3514 ,
1148 3459 1284 3501 non
1345 3440 1432 3501 de
1493 3439 1716 3520 pretio
1764 3439 2186 3520 singularum
2232 3458 2456 3500 rerum
2504 3458 2661 3500 cum
2706 3438 2975 3517 hospite

779 3555 1038 3638 pacisci
1102 3555 1326 3617 solent
1343 3603 1358 3629 ,
1422 3556 1545 3617 s'ed
1605 3564 1857 3636 rogant
1903 3534 2036 3636 qua
2082 3554 2372 3635 pecunia
2415 3554 2801 3616 hominibus
2845 3553 2977 3615 sin-

787 3672 970 3755 gulis
1017 3671 1387 3753 hospitium
1434 3671 1598 3733 dare
1644 3656 1814 3734 velit
1860 3671 1910 3752 (g
1962 3673 2038 3751 5).
2105 3670 2261 3733 Hoc
2281 3680 2398 3733 ⁴est
2423 3679 2609 3732 certe
2634 3669 2978 3750 scriptoris

867 3983 911 4069 1)
954 3989 1060 4046 ΙΙΙ.
1107 4007 1159 4046 c.
1206 3988 1282 4059 48
1326 3993 1354 4057 §
1403 4006 1506 4054 12,
1554 4006 1606 4045 c.
1654 4003 1729 4063 59
1773 3992 1801 4056 §
1848 4004 1898 4061 7.

862 4086 913 4169 2)
955 4089 1292 4147 Mommsen
1350 4087 1397 4144 Ι.
1442 4105 1501 4161 p.
1550 4086 1664 4162 558
1710 4094 1770 4143 et
1812 4086 1927 4160 667
1973 4082 2178 4143 statuit
2219 4083 2528 4144 consilium
2571 4082 2841 4143 coloniae
2884 4073 2989 4142 de'-

782 4187 1093 4246 ducendae
1150 4184 1270 4244 iam
1326 4187 1464 4243 ante
1519 4182 1874 4243 Hannibalis
1924 4183 2245 4242 adventum
2288 4193 2630 4260 susceptum
2670 4191 2732 4241 et
2772 4180 2990 4241 initum

779 4284 954 4344 fuisse
973 4330 987 4356 ‚
1054 4284 1159 4343 sed
1221 4283 1403 4343 muris
1458 4283 1728 4343 nondum
1784 4282 2067 4342 absolutis
2124 4281 2530 4358 supervenisse
2582 4282 2701 4340 hoc
2741 4281 2990 4340 bellum.

782 4383 921 4457 Quo
963 4392 1207 4442 auctore
1247 4380 1468 4441 nescio.
