3375 5084
1430 366 1506 425 27

373 537 656 600 consilio
704 546 967 601 tantum
1014 540 1252 603 ductos
1300 550 1556 603 metum
1611 541 1892 602 deorum
1942 550 2013 604 et
2059 541 2569 622 superstitiones

373 653 684 715 consulto
742 654 931 736 plebi
986 655 1403 737 imposuisse.
1496 654 1611 720 Sic
1659 666 1929 719 veteres
1979 656 2262 719 deorum
2310 641 2566 719 cultum

372 769 742 834 instituisse
788 771 884 834 ait
923 767 995 854 ι);
1045 772 1403 855 Lycurgus
1452 773 1799 836 oraculum
1838 772 2129 855 Pythiae
2156 772 2567 836 consultavit

372 885 464 948 ad
518 883 882 951 firmandas
937 889 1133 971 leges
1178 909 1335 952 suas
1352 938 1366 965 ,
1415 909 1826 972 quamquam
1871 890 2018 970 ipse
2065 887 2271 951 fidem
2319 889 2382 951 ei
2428 908 2566 950 non

371 1002 613 1066 habuit
652 1002 726 1085 2);
777 1001 1009 1086 Scipio
1056 1005 1271 1067 multa
1317 1015 1704 1069 commenta
1720 1054 1734 1081 ‚
1783 1004 2070 1080 somnia,
2104 1005 2330 1068 omina
2352 1002 2566 1078 finxit,

373 1127 451 1181 ut
495 1117 726 1183 fallaci
773 1122 1068 1203 quodam
1115 1120 1350 1183 auxilii
1399 1121 1607 1183 divini
1656 1121 1887 1203 specie
1938 1121 2286 1183 hominum
2310 1129 2572 1183 mentes

380 1245 689 1318 captaret
728 1235 788 1318 ³).

467 1351 783 1435 Apparet
851 1354 1060 1437 igitur
1123 1354 1491 1436 Polybium
1552 1354 1777 1436 ipsum
1842 1355 2007 1417 deos
2064 1374 2203 1417 non
2251 1352 2574 1427 coluisse3

377 1467 665 1532 fortasse
727 1470 798 1532 id
858 1471 1291 1534 tribuendum
1346 1480 1451 1533 est
1506 1471 1730 1535 studio
1777 1470 2253 1553 philosophiae
2300 1469 2576 1551 Epicuri

377 1586 493 1648 vel
563 1586 707 1649 eius
777 1586 1260 1669 discipulorum
1329 1586 1636 1669 (fortasse
1702 1588 1910 1651 etiam
1972 1586 2339 1650 Euhemeri
2357 1634 2380 1660 ,,
2441 1585 2574 1648 vid.

379 1702 578 1784 supr.)
594 1751 608 1778 ‚
681 1703 870 1766 cuius
940 1704 1146 1766 etiam
1216 1703 1401 1767 aliud
1461 1705 1834 1788 vestigium
1898 1712 2105 1767 extat.
2210 1702 2389 1766 Nam
2436 1722 2574 1764 non

380 1818 600 1882 solum
658 1819 980 1883 virtutem
1041 1820 1283 1883 summi
1339 1820 1541 1902 pretii
1595 1841 1748 1883 esse
1797 1819 1985 1883 ducit
2000 1868 2015 1895 ,
2067 1828 2137 1882 et
2183 1839 2293 1882 res
2340 1827 2576 1901 gestas
2665 1868 2671 1873 .

381 1955 549 2017 quas
604 1935 812 1998 tradit
865 1934 1007 1999 fere
1056 1956 1326 2018 semper
1372 1938 1460 1999 ad
1506 1937 1676 2000 recti
1725 1945 1795 2000 et
1841 1936 2003 1999 boni
2049 1935 2382 1998 rationem
2432 1934 2575 1997 exi-

382 2052 489 2134 git
524 2050 601 2133 ⁴)‚
652 2053 775 2114 sed
821 2052 938 2114 ubi
984 2052 1251 2116 virtutis
1303 2052 1637 2135 originem
1690 2052 1914 2135 tangit
1931 2101 1945 2127 ‚
1995 2052 2091 2114 ait
2136 2071 2408 2114 sensum
2432 2051 2577 2113 eius

379 2165 554 2251 quid
621 2167 871 2243 deceat,
947 2166 1122 2252 quid
1189 2166 1424 2231 minus
1449 2217 1464 2243 ,
1537 2177 1607 2232 et
1678 2176 1894 2232 totam
1965 2167 2299 2230 rationem
2378 2164 2579 2248 aequi

379 2283 675 2366 bonique
747 2293 964 2346 ortam
1035 2304 1185 2347 esse
1258 2304 1349 2347 ex
1413 2284 1706 2347 utilitate
1744 2282 1807 2365 ⁵).
1914 2281 2213 2365 Aliquae
2278 2302 2362 2345 eo
2423 2280 2578 2344 loco

378 2401 677 2483 vestigia
721 2401 949 2482 posuit
994 2400 1063 2463 in
1107 2401 1224 2463 via
1270 2401 1558 2482 optima3
1607 2402 1732 2464 sed
1762 2420 1917 2464 cum
1946 2399 2142 2462 brevi
2176 2398 2580 2462 sententiam

381 2516 680 2599 aliquam
726 2527 1235 2599 praesumptam
1282 2516 1629 2598 explicare
1678 2516 1982 2579 studeret
1999 2564 2014 2591 ,
2062 2515 2233 2578 miro
2282 2514 2579 2595 quodam

381 2633 588 2696 modo
646 2652 886 2696 manca
932 2633 1152 2695 evasit
1196 2632 1620 2695 ratiocinatio
1669 2641 1740 2695 et
1786 2651 1896 2693 me
1943 2631 2168 2694 iudice
2216 2627 2577 2692 manifesto

383 2748 571 2812 falsa.
663 2749 841 2812 Nam
885 2758 1247 2831 postquam
1292 2749 1527 2813 statuit
1572 2748 2043 2811 monarchiam
2092 2755 2333 2809 natura
2357 2745 2529 2827 (φῦσε
2537 2743 2581 2826 ι)

386 2887 538 2929 esse
607 2865 1143 2948 antiquissimum
1211 2865 1476 2947 imperii
1546 2885 1766 2947 genus
1793 2912 1808 2938 ,
1879 2863 2038 2926 inde
2108 2871 2329 2925 ortum
2398 2860 2583 2943 quod

384 2981 778 3046 defensione
868 2992 937 3046 et
1016 2982 1271 3045 auxilio
1347 2981 1539 3046 fortis
1618 2981 1967 3044 cuiusdam
2044 2980 2175 3043 viri
2250 2998 2422 3060 opus
2498 2976 2586 3040 sit

386 3100 676 3181 civitati,
749 3098 1073 3182 deinceps
1142 3100 1424 3181 exponit
1497 3099 1562 3162 ei
1629 3099 1779 3161 viro
1849 3096 2006 3161 forti
2076 3096 2283 3160 etiam
2343 3103 2588 3176 postea

480 3405 518 3487 ¹)
561 3410 663 3466 VI.
716 3410 789 3484 56
831 3413 858 3478 ξ
904 3423 956 3482 7.

470 3503 520 3585 2)
560 3507 626 3564 P.
670 3507 745 3564 X.
794 3526 824 3563 2
869 3512 898 3577 §
942 3523 1158 3580 9—13.

476 3603 524 3684 3>
565 3602 715 3664 Ibid.

390 3703 397 3737 ⁷
472 3702 522 3784 4)
562 3704 632 3762 E.
698 3724 753 3781 g.
817 3702 1087 3761 fraudem
1137 3698 1492 3761 Hannibalis
1534 3698 1915 3777 reprehendit
1956 3699 2062 3758 ΠΙ.
2103 3718 2156 3756 c.
2207 3714 2276 3775 15
2321 3704 2349 3767 ξ
2392 3717 2427 3772 9
2467 3713 2554 3770 sq.
2571 3716 2587 3767 3

385 3807 695 3864 Romanos
744 3803 825 3863 ob
862 3799 1143 3861 auxilium
1186 3798 1557 3860 Mamertinis
1599 3800 1810 3859 datum
1853 3800 1961 3858 III.
2005 3818 2053 3857 c.
2104 3801 2179 3856 26
2222 3803 2249 3868 ξ
2295 3799 2348 3854 6.
2435 3796 2589 3852 Inte-

385 3891 662 3983 gritatem
723 3900 929 3960 laudat
990 3899 1153 3978 apud
1215 3901 1523 3960 Romanos
1586 3900 1754 3959 XIII.
1811 3918 1847 3957 c
1925 3917 1960 3974 3
2017 3904 2044 3969 ξ
2109 3913 2137 3970 7
2159 3941 2173 3968 ,
2220 3893 2490 3954 fraudem
2532 3901 2591 3951 et

384 4001 665 4062 astutiam
724 4000 1026 4079 improbat
1085 4001 1311 4058 XXIII.
1371 4018 1417 4057 c*
1488 4018 1560 4056 10
1579 4043 1595 4073 ‚
1649 3995 1804 4057 alibi.
1895 3995 2197 4056 Permulta
2249 3990 2589 4052 huiusmodi

387 4099 620 4162 omitto.

474 4199 524 4280 ⁵)
568 4202 670 4259 VI.
721 4220 773 4262 c.
817 4201 851 4257 6
894 4206 923 4271 §
971 4218 1143 4274 1—9.
1202 4197 1322 4256 Cfr.
1368 4194 1612 4274 Epicuri
1654 4192 2005 4255 sententiam
2049 4211 2148 4269 ap.
2190 4192 2340 4251 Hor.
2385 4191 2505 4249 Sat.
2542 4191 2588 4249 Ι.

389 4322 450 4378 3.
509 4303 617 4377 98:
677 4298 988 4377 ,‚Uti1itas‚
1046 4295 1183 4356 iusti
1238 4315 1427 4373 prope
1484 4304 1675 4354 mater
1726 4303 1785 4353 et
1825 4291 2057 4369 aequi.'’
2143 4291 2262 4350 Cfr.
2304 4289 2484 4350 etiam
2525 4291 2591 4349 P.

392 4402 503 4460 ΙΙΙ.
548 4421 601 4461 e.
647 4420 685 4472 4
726 4408 753 4471 ς
802 4418 827 4456 1
844 4419 892 4457 1.
