3375 5084
1408 343 1487 399 45

360 532 486 574 sex
546 532 803 594 genera
860 514 956 576 ita
1019 534 1061 575 a
1119 523 1361 576 natura
1419 516 1749 578 instructa
1802 527 2027 579 essent
2071 528 2148 581 ut
2193 520 2310 581 diu
2354 531 2535 583 stare

356 648 493 690 non
552 638 830 709 possent
893 631 1014 692 sed
1075 630 1144 691 in
1206 631 1392 694 aliud
1436 631 1797 694 transirent
1841 630 1910 712 ¹),
1957 634 2319 715 septimum
2364 636 2534 699 illud

356 743 840 824 sempiternum
888 765 1036 808 esse
1084 746 1397 808 debebat.
1470 745 1625 808 Hac
1655 767 1730 809 re
1762 747 2015 828 optime
2050 749 2363 812 meritum
2388 770 2536 813 esse

354 859 452 921 ait
518 859 914 942 Lycurgum
931 909 945 934 ‚
1014 862 1200 942 quod
1266 861 1482 923 tribus
1545 862 1914 944 generibus
1974 863 2044 925 in
2102 884 2312 927 unum
2369 864 2536 928 fusis

351 994 565 1056 remp.
627 974 786 1038 Lac.
848 976 1218 1057 prudenter
1277 979 1667 1040 moderatus
1731 988 1911 1041 esset
1950 978 2029 1060 ²),
2092 1001 2227 1062 quo
2282 979 2536 1044 factum

355 1099 463 1152 est
519 1100 598 1153 ut
654 1091 777 1153 illa
837 1110 962 1173 per
1012 1093 1485 1174 longissimum
1531 1095 1855 1174 temporis
1902 1096 2196 1177 spatium
2241 1097 2538 1161 stetisset
2655 1182 2659 1186 Δ

355 1215 428 1268 et
474 1204 805 1269 Graeciae
849 1207 1303 1289 principatum
1339 1209 1684 1272 tenuisset.
1751 1208 1892 1272 Sed
1922 1210 2045 1273 illa
2068 1212 2273 1274 etiam
2296 1215 2534 1276 morbo

350 1321 732 1384 inveterato
749 1371 763 1396 ,
824 1343 960 1385 non
1023 1308 1230 1386 causa
1291 1333 1575 1386 externa
1636 1326 1998 1407 absumpta
2058 1336 2178 1389 est.
2269 1327 2531 1391 Eodem

351 1439 560 1499 modo
606 1439 992 1520 respublica
1036 1439 1357 1502 Romana
1400 1460 1580 1521 quae
1617 1441 1823 1504 etiam
1854 1462 1894 1503 e
1925 1442 2141 1504 tribus
2165 1444 2535 1524 generibus

351 1553 572 1616 mixta
633 1554 768 1628 est',
829 1554 1046 1617 libera
1105 1556 1193 1617 sit
1251 1576 1531 1619 necesse
1596 1566 1701 1619 est
1760 1557 1881 1619 illo
1942 1559 2183 1620 morbo
2242 1559 2535 1641 (συμφυεῖ

354 1667 578 1750 κακίᾳ)
625 1689 761 1751 quo
807 1668 928 1731 illa
973 1670 1245 1752 sing-ula
1290 1672 1619 1734 laborant.
1690 1671 1792 1735 Eo
1824 1673 2046 1755 magis
2075 1673 2319 1736 mirum
2351 1676 2537 1756 quod

351 1783 687 1866 Polybius
748 1785 912 1848 dicit
971 1785 1041 1847 in
1098 1807 1237 1868 rep.
1284 1786 1488 1851 Rom.
1537 1779 2097 1851 considerandam
2144 1810 2293 1853 esse
2338 1791 2534 1853 vicis-

351 1900 718 1963 situdinem
763 1900 1304 1982 amplificationis
1320 1951 1335 1975 ‚
1384 1904 1774 1984 opulentiae
1788 1954 1802 1979 ‚
1849 1905 2220 1968 debilitatis
2266 1927 2443 1988 quae
2468 1909 2535 1969 in

350 2015 490 2078 illis
549 2017 764 2079 tribus
824 2018 1194 2099 generibus
1256 2019 1709 2100 conspiciatur
1746 2018 1789 2100 ³)
1808 2069 1822 2095 ,
1883 2022 1972 2083 ad
2028 2041 2112 2083 ea
2155 2041 2536 2104 provocans

352 2151 534 2212 quae
624 2133 828 2194 modo
905 2142 1336 2214 exposuerat.
1451 2132 1594 2197 Sed
1668 2135 1816 2216 ipse
1892 2136 2099 2198 etiam
2175 2137 2384 2201 sensit
2465 2137 2537 2199 id

351 2247 628 2309 minime
690 2246 1001 2310 sufficere
1017 2297 1032 2323 ,
1092 2248 1386 2330 ideoque
1439 2269 1691 2312 novam
1732 2251 2054 2332 proponit
2098 2252 2503 2314 sententiam
2519 2302 2533 2327 ‚

352 2382 695 2445 quamque
750 2364 1095 2426 civitatem
1113 2412 1127 2438 ,
1184 2364 1392 2425 etiam
1457 2364 1784 2444 optimam
1803 2414 1817 2440 ,
1876 2366 2239 2448 aliquando
2285 2368 2533 2449 peritu-

350 2497 500 2539 ram
581 2499 731 2541 esse
748 2528 762 2553 ‚
847 2488 917 2541 et
934 2527 949 2553 ,
1032 2479 1159 2541 nisi
1226 2479 1363 2541 iam
1424 2489 1623 2542 antea
1684 2501 1892 2543 causa
1950 2481 2180 2563 aliqua
2248 2492 2535 2545 externa

351 2594 617 2657 ruinam
682 2595 1151 2676 properaverit
1167 2642 1182 2670 ,
1243 2580 1388 2659 fore
1448 2604 1526 2657 ut
1584 2597 1859 2659 tandem
1921 2599 2322 2660 succumbat
2366 2598 2533 2660 vitio

355 2690 562 2771 alicui
608 2708 854 2771 innato,
946 2708 1145 2772 Hanc
1191 2711 1597 2787 sententiam
1643 2711 1840 2793 (quae
1885 2732 2316 2794 nequaquam
2348 2723 2536 2776 certa

356 2823 482 2905 est)
528 2833 850 2906 tanquam
895 2824 1338 2887 certissimam
1383 2833 1454 2887 et
1494 2822 1811 2888 'omnibus
1854 2827 2212 2907 probatam
2241 2826 2499 2909 profert
2515 2876 2556 2902 ,.
2643 2827 2649 2831 ⁴

352 2938 568 3002 fretus
654 2940 876 3002 denuo
944 2941 1250 3004 Platonis
1319 2941 1739 3004 auctoritate.
1854 2943 2029 3006 Nam
2098 2944 2155 3006 is
2224 2964 2379 3006 cum
2446 2945 2534 3006 de

353 3056 612 3136 optimo
680 3075 937 3137 genere
997 3057 1413 3138 reipublicae
1477 3078 1519 3119 a
1578 3055 1862 3151 Socrate
1927 3059 2239 3139 exposito
2295 3069 2535 3141 ageret
2575 3084 2580 3090 ·

350 3172 529 3233 hanc
573 3191 845 3254 quoque
890 3173 1310 3236 interituram
1356 3194 1507 3235 esse
1554 3173 1757 3236 dixit:

357 3349 361 3353 ,
443 3285 589 3348 Pol.
635 3285 753 3350 VI.
803 3306 883 3367 57
933 3292 965 3363 5
1021 3309 1084 3349 1:
1131 3290 1230 3350 ὅτι
1270 3288 1390 3368 μὲν
1571 3288 1774 3350 Plato
1820 3288 2000 3370 Rep.
2048 3288 2235 3352 VIII.
2287 3311 2353 3372 p.
2404 3295 2530 3369 546

355 3393 471 3466 οὖν
505 3409 661 3465 πᾶσι
688 3411 823 3484 τοῖς
849 3395 1028 3468 οὖσιν
1054 3407 1392 3468 ὑπόκειται
1486 3402 1588 3465 A:
1650 3405 1819 3491 ,emi
1910 3407 2237 3487 γενομένῳ
2328 3410 2531 3470 παντὶ

355 3520 574 3600 φθορὰ
633 3511 741 3583 uixi
788 3520 1112 3602 μεταβολὴ
1165 3517 1390 3602 σχεδὸν
1484 3526 1703 3604 φθορά
1759 3523 1931 3583 ἐστιν
1990 3518 2129 3585 οὐδ’
2176 3528 2219 3603 ἦ
2263 3528 2532 3604 τοιαύτη

355 3637 430 3699 οὐ
477 3632 738 3715 προςδεῒ
773 3629 1007 3714 λόγων,
1057 3638 1246 3716 ἱκανὴ
1281 3637 1400 3715 γὰρ
1493 3633 1793 3709 ξύστασις
1856 3638 1968 3699 τὸν
2029 3638 2300 3699 ἅπαντα
2354 3647 2534 3719 μενεῖ

353 3755 396 3830 ἠ
446 3755 556 3828 τῆς
612 3752 850 3830 φύσεως
896 3753 1150 3841 οἷνάγκη
1198 3775 1403 3830 παρα·
1497 3755 1766 3836 χρόνον,
1814 3749 1981 3816 ἀλλὰ
2030 3749 2405 3834 λυθήσεται.

355 3872 581 3945 στῆσαι
627 3872 745 3948 τὴν
798 3858 1105 3948 τὸιαύτην
1157 3867 1399 3931 πίστιν.

449 4144 487 4224 ¹)
527 4145 731 4222 Polyb.
776 4147 879 4204 VI.
925 4165 976 4204 e.
1028 4165 1099 4203 10
1141 4153 1169 4216 ξ
1217 4162 1387 4224 1—5.
1447 4116 1450 4120 Δ

437 4242 489 4322 2)
528 4242 678 4302 Ibid.
723 4264 773 4301 e.
828 4263 898 4301 10
940 4251 969 4316 ξ
1012 4248 1067 4303 6.

439 4338 488 4420 ³)
527 4340 682 4400 sbid·
724 4361 774 4400 e·
824 4358 894 4416 57
939 4350 968 4413 ἓ
1015 4362 1049 4417 3
1094 4361 1223 4420 sqq·
1314 4419 1325 4433 ,
