3375 5084
1408 372 1522 432 175

378 547 676 610 evocatis
744 544 996 609 fieret.·
1045 547 1224 609 Tum
1292 546 1582 627 primum
1648 543 1826 607 filios
1889 545 2216 627 cognovit
2275 543 2556 608 Aemilii

374 663 625 738 Paulli,
672 662 961 725 Fabium
1018 671 1088 725 et
1134 659 1559 743 Scipionem;
1606 661 1765 723 libri
1810 670 2047 723 mutuo
2094 661 2263 735 dati,
2311 681 2559 723 sermo-

372 799 491 840 nes
568 781 655 841 de
733 798 965 841 eorum
1035 778 1362 840 librorum
1432 779 1634 840 rebus
1709 777 1923 840 habiti
1994 795 2158 839 mox
2225 786 2561 839 auxerunt

373 893 896 956 familiaritatem
945 892 1010 974 Ι);
1060 893 1351 975 denique
1398 913 1552 956 cum
1597 893 1726 955 viri
1773 891 2020 956 Graeci
2066 902 2141 955 ut
2169 912 2294 973 per
2322 892 2560 955 Italiae

368 1011 571 1072 urbes
631 991 1155 1099 *disponerentur
1222 1009 1573 1072 decretum
1638 1018 1821 1072 esset
1842 1057 1855 1083 ,
1922 1008 1986 1071 ei
2031 1009 2563 1089 impetraverunt

369 1127 554 1206 apud
598 1134 983 1207 praetorem
1029 1134 1104 1188 ut
1150 1124 1444 1207 Polybio
1490 1124 1764 1187 Romae
1810 1144 2085 1187 manere
2118 1124 2356 1186 liceret
2386 1123 2446 1204 2).
2474 1160 2555 1167 -—

369 1241 764 1305 Amicitiam
811 1239 1149 1323 Scipionis
1195 1251 1265 1305 et
1312 1241 1586 1324 Polybii
1605 1291 1619 1317 ,
1667 1262 1843 1323 quae
1894 1243 2233 1322 quomodo
2279 1251 2440 1304 nata
2475 1240 2562 1303 sit

368 1358 514 1439 ipse
580 1357 761 1421 dulci
808 1367 879 1421 et
924 1367 1212 1420 venusta
1256 1357 1640 1420 narratione
1659 1404 1674 1430 ‚
1722 1357 2015 1420 Platone
2061 1357 2272 1439 digna
2287 1404 2303 1430 ,
2351 1377 2561 1438 expo-

367 1473 504 1537 suit
543 1472 586 1555 ³)
605 1523 619 1549 ,
667 1475 981 1537 aluerunt
1021 1473 1409 1555 frequentes
1452 1494 1857 1556 congressus
1872 1521 1888 1546 ‚
1919 1474 2317 1537 venationes
2335 1521 2349 1548 ,
2382 1493 2559 1555 quae

367 1568 541 1653 foro·
564 1600 635 1653 et
683 1591 916 1654 rostris
961 1589 1394 1672 praeferebat
1441 1587 1674 1672 Scipio
1712 1589 1772 1671 ⁴).

457 1707 594 1769 Per
654 1727 865 1770 annos
937 1712 1182 1770 166—1
1199 1728 1232 1785 5
1250 1730 1271 1768 1
1329 1707 1603 1770 Romae
1622 1756 1636 1782 ‚
1681 1708 1798 1769 vel
1845 1715 2030 1769 certe
2076 1707 2146 1769 in
2192 1706 2391 1769 Italia
2435 1705 2561 1770 fuit

366 1823 730 1904 Polybius;
784 1824 1035 1885 multos
1080 1823 1264 1885 viros
1311 1821 1615 1886 Graecos
1661 1822 1755 1885 ibi
1801 1823 2000 1897 vidit,
2048 1822 2167 1903 qui
2211 1822 2426 1905 legati
2473 1822 2560 1885 ad

368 1936 698 2003 Senatum
773 1938 959 2001 missi
1037 1949 1231 2001 erant
1249 1986 1263 2014 ,
1339 1938 1515 2002 inter
1583 1958 1704 2001 eos
1771 1939 2151 2020 Menyllum
2169 1987 2183 2013 ‚
2254 1939 2561 2021 legatum

364 2054 748 2117 Ptolemaei
811 2054 1113 2129 maioriS,
1175 2075 1238 2117 a.
1311 2060 1427 2118 162
1453 2102 1467 2130 ,
1530 2075 1822 2136 quocum
1882 2053 2076 2116 firma
2135 2065 2206 2117 et
2249 2054 2563 2117 diuturna

357 2170 666 2233 ¹amicitia
727 2171 991 2233 iunctus
1054 2179 1202 2233 erat
1244 2170 1304 2251 ⁵).
1396 2170 1560 2232 Erat
1620 2190 1705 2232 eo
1752 2179 2061 2252 tempore
2107 2170 2378 2233 Romae
2423 2169 2559 2233 De-

367 2287 647 2351 metrius
694 2309 736 2350 a
779 2297 974 2370 patre
1023 2285 1318 2352 Seleuco
1365 2284 1606 2368 Syriae
1653 2307 1822 2368 rege
1870 2287 2033 2349 olim
2067 2287 2268 2350 obses
2300 2288 2560 2350 senatui

366 2406 569 2467 datus
588 2453 601 2479 ,
673 2424 876 2485 quem
937 2405 1231 2467 venandi
1292 2405 1585 2467 studium
1649 2412 1720 2466 et
1783 2404 2204 2466 consuetudo
2266 2403 2560 2485 Polybio

364 2520 662 2583 amicum
722 2519 981 2583 fecerat
1013 2519 1095 2602 ⁶);
1160 2520 1219 2582 is
1266 2540 1420 2583 cum
1464 2518 1713 2582 frustra
1759 2540 1801 2581 a
1845 2528 2085 2581 senatu
2132 2518 2399 2582 veniam
2444 2539 2561 2601 pe-

369 2627 641 2700 tivisset
686 2646 762 2699 ut
807 2656 1101 2719 regnum
1149 2633 1389 2718 Syriae
1435 2635 1563 2698 sibi
1603 2635 1910 2698 debitum
1943 2655 2279 2716 occupare
2306 2635 2559 2709 liceret,

366 2774 432 2815 a.
489 2757 607 2815 162
659 2753 952 2834 Polybio
1000 2762 1279 2816 auctore
1328 2763 1398 2816 et
1442 2753 1718 2835 auspice
1765 2772 1920 2815 cum
1964 2752 2224 2815 auxilio
2271 2751 2560 2833 Menylli

367 2869 549 2931 clam
609 2868 843 2931 Roma
904 2868 1209 2952 profugit
1241 2868 1303 2951 ⁷).
1395 2866 1623 2950 Saepe
1685 2869 1891 2931 etiam
1943 2868 2160 2951 legati
2204 2867 2473 2931 Achaei
2519 2888 2561 2929 a

368 2982 631 3048 Senatu
682 2960 1046 3066 impetrare
1093 2986 1512 3048 conabantur
1555 2994 1632 3048 ut
1659 2985 1787 3047 viri
1819 3005 1859 3047 e
1890 2983 2367 3066 Peloponneso
2400 3004 2559 3047 evo-

366 3100 507 3164 cati
551 3101 815 3183 patriae
861 3101 1333 3176 redderentur,
1380 3102 1478 3164 sic
1525 3122 1583 3163 a.
1627 3106 1748 3178 164
1777 3100 1853 3183 ⁸),
1886 3121 1944 3163 a.
1989 3105 2110 3163 160
2129 3099 2192 3182 ⁹),
2224 3121 2282 3163 a.
2318 3121 2432 3178 155
2466 3096 2557 3181 ¹⁰),

365 3237 430 3278 a.
487 3239 508 3279 1
525 3236 603 3295 53
649 3213 724 3298 11)
741 3266 754 3292 ,
803 3217 925 3280 sed
970 3216 1231 3281 frustra.
1302 3218 1556 3300 Ingens
1601 3226 1751 3279 tum
1782 3216 2140 3298 quotannis
2167 3216 2553 3299 legatorum

543 3344 749 3351 ——H

459 3398 502 3479 ¹)
543 3401 607 3458 P.
651 3401 901 3460 XXXII.
949 3421 1002 3460 e.
1047 3421 1083 3478 9
1128 3409 1155 3474 §
1197 3422 1252 3475 4.

450 3497 499 3577 2)
542 3497 693 3558 Ibid.
739 3507 767 3572 ξ
813 3518 866 3577 5.

453 3597 501 3678 ³)
545 3599 695 3658 Ibid.
745 3619 796 3659 c.
844 3620 899 3677 9.
945 3619 1029 3676 sq.

450 3696 501 3777 ⁴)
543 3696 697 3758 Ibid.
741 3718 793 3758 e.
846 3717 913 3776 15
961 3707 988 3771 ξ
1032 3701 1068 3759 8
1113 3718 1199 3775 sq.

450 3794 500 3876 5)
540 3798 605 3855 P.
650 3799 872 3857 XXXI.
916 3818 969 3857 e.
1018 3819 1091 3857 20
1135 3805 1163 3870 ξ
1206 3800 1260 3858 8.

452 3892 501 3973 ⁶)
543 3895 694 3955 Ibid.
740 3917 789 3956 e.
842 3918 914 3956 22
959 3905 986 3970 §
1029 3917 1082 3973 3.

457 3995 502 4069 ἶ)
542 3997 606 4054 Ρ.
652 3998 872 4054 ΧΧΧΙ.
917 4017 970 4055 e.
1020 4017 1123 4070 12,
1168 4016 1219 4055 e.
1269 4018 1524 4073 20—23.

453 4091 501 4173 ⁸)
544 4095 605 4152 P.
652 4096 872 4155 XXXI.
917 4115 969 4153 e.
1018 4099 1073 4154 6.

456 4190 506 4272 ⁰)
548 4194 609 4252 P.
654 4195 904 4253 XXXII.
949 4213 1003 4252 e.
1053 4211 1103 4269 7.

435 4289 507 4371 ¹9)
549 4294 612 4350 P.
658 4294 940 4352 XXXIII.
985 4314 1035 4352 c.
1088 4312 1113 4350 1
1164 4312 1249 4369 sq.

436 4389 509 4470 ¹¹)
550 4391 703 4452 Ibid.
746 4412 800 4451 c.
848 4411 940 4468 13.
1126 4396 1129 4400 ’
