3375 5084
1368 308 1381 341 Ι
1828 295 1910 367 58

779 484 1175 547 calendares
1219 483 1451 564 plures
1495 504 1606 546 res
1651 483 2038 563 adscriptae
2086 504 2237 546 esse
2282 483 2630 557 videntur3
2670 483 2963 564 denique

773 600 893 662 illa
938 600 1173 662 tabula
1217 598 1611 681 pontificum
1658 620 1896 662 omnes
1939 620 2050 663 res
2097 620 2266 681 quas
2312 600 2499 662 cives
2542 619 2965 682 cognoscere

775 717 1190 798 expediebat
1234 717 1302 778 in
1347 717 1698 798 publicum
1748 718 1953 780 edere
2000 716 2244 798 coepit.

862 832 1104 914 Itaque
1164 833 1232 895 in
1292 834 1551 895 tablino
1604 832 1944 914 pontificis
1990 832 2284 896 adfuisse
2333 841 2642 914 tempore
2689 833 2966 914 Polybii

773 948 825 1030 (1
840 947 944 1029 50)
1015 957 1335 1029 apparet:
1403 949 1694 1030 primum
1763 948 2025 1030 aliquot
2093 947 2613 1012 commentarios
2675 947 2964 1011 fortasse

775 1064 956 1126 circa
1025 1083 1082 1127 a.
1157 1085 1286 1142 3oo
1356 1064 1777 1146 conscriptos
1845 1065 1962 1147 qui
2028 1065 2393 1128 narrabant
2459 1085 2569 1127 res
2632 1074 2866 1147 gestas
2923 1085 2969 1125 a

772 1180 1051 1262 regibus
1118 1179 1409 1243 Albanis
1477 1181 1632 1243 inde
1704 1190 1775 1243 et
1841 1180 2031 1245 initio
2098 1180 2386 1243 nominis
2453 1181 2782 1254 Romani,
2847 1181 2964 1262 qui

774 1296 980 1359 etiam
1043 1297 1481 1360 continebant
1541 1297 2041 1379 antiquissimos
2101 1296 2314 1360 fastos
2369 1298 2759 1362 consulares
2807 1317 2964 1360 cum

773 1413 1097 1476 brevibus
1142 1414 1690 1477 adnotationibus
1734 1415 2070 1476 interdum
2116 1424 2320 1477 antea
2349 1413 2721 1495 adscriptis
2745 1433 2961 1494 usque

771 1530 857 1590 ad
918 1549 1073 1592 eum
1137 1550 1387 1593 annum
1431 1550 1567 1612 quo
1612 1530 1925 1612 pontifex
1969 1551 2079 1594 res
2124 1532 2227 1594 sui
2273 1523 2600 1613 temporis
2646 1532 2965 1594 continua

772 1647 946 1709 serie
1012 1647 1338 1709 adnotare
1400 1647 1732 1728 inceperit
1792 1637 1997 1729 (quod
2056 1648 2261 1729 plene
2306 1647 2564 1711 factum
2612 1669 2762 1711 esse
2810 1669 2966 1712 cum

742 1762 1102 1845 ‘prodigiis
1119 1811 1133 1837 ,
1192 1782 1368 1824 anno
1416 1763 1691 1825 demum
1743 1784 1869 1842 249
1918 1763 2387 1845 ostendimus);
2438 1764 2685 1827 deinde
2733 1785 2965 1827 exem-

770 1878 989 1960 plaria
1072 1878 1456 1941 tabularum
1544 1879 1741 1961 (quae
1819 1879 2024 1941 etiam
2094 1879 2615 1942 commentarios
2683 1876 2966 1943 Servius

766 1992 990 2074 vocat)
1004 2043 1018 2068 ,
1103 1995 1190 2055 ab
1269 2014 1352 2056 eo
1431 2014 1608 2057 anno
1678 2015 1815 2076 quo
1884 1994 2227 2057 institutus
2295 2004 2400 2057 est
2467 2014 2615 2056 mos
2684 1996 2964 2057 tabulae

770 2109 1258 2190 proponendae
1328 2129 1541 2190 usque
1608 2111 1698 2172 ad
1766 2129 2016 2172 annum
2084 2129 2220 2191 quo
2289 2109 2621 2192 Polybius
2687 2111 2964 2173 Romae

772 2226 1075 2307 degebat
1143 2245 1186 2287 a
1246 2223 1565 2305 pontifice
1629 2225 2110 2306 expositarum.
2203 2224 2399 2288 Haec
2461 2225 2587 2289 fuit
2645 2226 2968 2289 materies

771 2340 1113 2402 annalium
1182 2340 1634 2403 maximorum
1698 2340 1878 2403 circa
1947 2362 2069 2418 130
2132 2350 2291 2421 post
2356 2341 2631 2422 Polybii
2676 2351 2967 2404 mortem

774 2456 1128 2519 editorum.

859 2572 1038 2636 Hinc
1101 2573 1191 2634 ad
1247 2573 1611 2654 Polybium
1666 2573 1958 2635 reversis
2003 2573 2282 2635 tandem
2326 2573 2523 2636 nobis
2570 2575 2963 2655 explicandi

775 2690 974 2772 copia
1043 2700 1147 2753 est
1210 2690 1372 2771 quid
1432 2687 1818 2771 significent
1878 2690 2125 2751 verba:
2194 2688 2361 2766 „dud
2426 2701 2538 2756 τοῦ
2595 2696 2774 2774 παρὰ
2830 2699 2965 2764 τοῖς

775 2807 1132 2891 ἀρχιερεῦσι
1209 2803 1508 2897 κειμένου
1580 2803 1915 2880 πίνακος.”
2029 2802 2277 2867 Omnia
2345 2815 2583 2868 vetant
2653 2808 2968 2882 credere,

773 2923 948 2985 hanc
1012 2921 1338 2997 tabulam,
1400 2925 1657 2986 πίνακα
1675 2969 1691 2996 ,
1752 2941 1902 2983 esse
1950 2923 2471 2985 commentarios
2516 2922 2671 2985 illos
2718 2923 2966 3005 quibus

773 3040 859 3101 de
928 3038 1118 3101 initio
1188 3058 1411 3101 rerum
1480 3037 1952 3107 Romanarum
2014 3040 2353 3121 agebatur
2412 3037 2608 3103 fictos
2654 3041 2929 3122 quidem
2946 3090 2961 3115 ‚

773 3173 994 3234 neque
1047 3154 1249 3216 rebus
1297 3173 1465 3235 quas
1512 3155 1879 3217 narrabant
1925 3154 2247 3235 aequales
2266 3203 2280 3229 ‚
2328 3156 2451 3217 sed
2497 3164 2725 3218 tamen
2770 3166 2962 3219 vetu-

772 3278 949 3332 state
1011 3270 1303 3350 quadam
1365 3270 1500 3331 iam
1562 3270 1860 3351 aliquam
1921 3271 2395 3334 auctoritatem
2454 3281 2693 3334 nactos
2711 3320 2725 3345 ‚
2786 3288 2960 3353 quos

772 3383 1130 3466 pontifices
1186 3385 1253 3446 in
1299 3386 1557 3466 templo
1604 3387 1988 3448 servabant.
2079 3386 2381 3448 Primum
2427 3386 2607 3448 enim
2653 3386 2769 3469 qui
2812 3386 2961 3450 fieri

774 3501 996 3582 potuit
1063 3510 1138 3563 ut
1205 3501 1533 3584 Polybius
1600 3502 1735 3564 illis
1811 3502 2120 3577 „annosis
2179 3502 2637 3566 voluminibus
2696 3504 2964 3566 vatum’'

772 3622 1050 3690 πίνακος
1097 3637 1345 3678 nomen
1393 3617 1725 3692 dedisset,
1773 3617 1844 3679 id
1891 3627 1996 3680 est
2025 3600 2300 3681 tabulae
2331 3617 2645 3700 ligneae?
2690 3618 2963 3682 Deinde

772 3731 1043 3796 falleret
1114 3733 1233 3815 ,qui
1307 3743 1580 3814 putaret
1653 3734 1724 3796 in
1798 3734 1904 3797 his
1974 3735 2474 3797 commentariis
2542 3736 2631 3797 ad
2700 3745 2962 3798 certum

774 3850 1070 3931 aliquem
1141 3869 1392 3911 annum
1460 3851 1858 3913 adnotatum
1925 3849 2131 3912 fuisse
2150 3899 2163 3925 ‚
2234 3851 2534 3914 Romam
2600 3861 2746 3914 tum
2808 3872 2963 3915 esse

773 3966 1132 4030 conditam.
1227 3965 1715 4048 Olympiadum
1786 3967 1964 4028 enim
2031 3987 2192 4029 usus
2260 3966 2403 4030 sine
2464 3968 2671 4030 dubio
2733 3970 2821 4030 ab
2882 3969 2968 4033 iis

771 4083 1030 4145 alienus
1077 4092 1240 4146 erat.
1332 4083 1554 4166 Igitur
1600 4103 1884 4145 necesse
1930 4082 2166 4146 fuisset
2210 4093 2286 4147 ut
2328 4084 2659 4166 Polybius
2704 4105 2966 4167 magno

773 4218 928 4263 cum
971 4188 1212 4281 ‚labore
1259 4220 1378 4262 eos
1425 4198 1948 4261 commentarios
1992 4200 2404 4281 perlegisset
2420 4249 2433 4275 ‚
2479 4210 2556 4263 ut
2600 4201 2972 4283 indagaret

773 4323 941 4395 quot
1007 4333 1219 4377 annos
1288 4324 1446 4377 ante
1508 4334 1664 4376 eum
1729 4333 1977 4375 annum
2039 4334 2173 4395 quo
2234 4316 2382 4396 ipse
2441 4318 2977 4382 commentarios
