3375 5084
1802 308 1921 364 186

763 496 1039 576 pessimi
1108 496 1408 577 exempli
1474 496 1680 559 fuisse
1743 507 1927 559 certe
1989 517 2123 558 non
2184 498 2273 558 ab
2334 496 2570 558 amicis
2613 495 2956 557 Romanis

765 612 1015 674 didicit.

854 728 1060 791 Anno
1117 750 1138 789 1
1155 748 1189 805 5
1207 750 1228 789 1
1286 728 1618 810 Polybius
1665 727 2056 810 Scipionem
2102 730 2171 790 in
2213 728 2615 809 Hispaniam
2650 725 2954 808 proficis-

765 853 1033 906 centem
1100 844 1178 925 (is
1248 843 1427 905 enim
1495 846 1622 907 sub
1693 844 1983 907 Lucullo
2053 845 2146 906 ibi
2216 844 2623 926 stipendium
2687 839 2956 921 meruit)

762 969 1036 1022 secutus
1103 980 1253 1022 esse
1323 960 1592 1022 videtur
1638 959 1706 1041 ¹);
1780 970 1850 1023 et
1918 981 2002 1023 eo
2063 960 2302 1023 itinere
2364 959 2588 1041 Alpes
2605 1007 2619 1034 ,
2683 957 2953 1021 Galliae

761 1085 1027 1156 partem
1043 1124 1057 1150 ‚
1121 1096 1306 1137 mare
1372 1076 1941 1139 mediterraneum
1986 1077 2146 1139 visit
2183 1075 2244 1157 2).
2335 1076 2723 1157 Insequenti
2769 1094 2951 1136 anno

765 1189 996 1272 Scipio
1045 1212 1087 1253 a
1131 1192 1420 1255 Lucullo
1466 1193 1535 1254 in
1582 1192 1889 1255 Africam
1934 1194 2220 1256 mittitur
2258 1203 2335 1256 ut
2366 1192 2764 1273 elephantes
2793 1191 2956 1253 inde

762 1317 954 1387 petat
970 1356 984 1381 ,
1055 1307 1284 1389 ibique
1346 1308 1626 1371 interest
1687 1308 2017 1371 victoriae
2079 1308 2513 1371 Massinissae
2571 1308 2657 1369 de
2702 1305 2960 1367 Poenis
2987 1369 3000 1374 ,

761 1432 1150 1503 reportatae
1191 1421 1252 1503 ³).
1360 1423 1726 1505 Polybium
1795 1433 1955 1486 tunc
2026 1444 2179 1486 cum
2245 1444 2328 1487 eo
2390 1424 2596 1486 fuisse
2652 1430 2920 1485 constat
2939 1470 2955 1495 ‚

692 1591 700 1598 ,
766 1538 1158 1600 Massinissa
1213 1539 1393 1601 enim
1439 1559 1497 1601 a.
1555 1545 1674 1616 148
1724 1549 2030 1602 mortuus
2077 1550 2181 1603 est
2218 1539 2263 1621 ⁴)
2309 1560 2466 1602 cum
2509 1538 2839 1620 Polybius
2880 1538 2957 1598 in

766 1653 1058 1718 Graecia
1105 1656 1425 1736 degeret;
1472 1655 1681 1737 igitur
1728 1655 1875 1717 eius
1921 1655 2337 1737 colloquium
2374 1675 2526 1719 cum
2562 1654 2959 1718 Massinissa

763 1770 910 1852 (IX.
981 1790 1080 1848 25.
1132 1769 1193 1851 4)
1237 1771 1370 1834 hoc
1418 1791 1593 1833 anno
1640 1770 1949 1833 habiturn
1998 1780 2119 1835 est.
2210 1772 2387 1834 Nam
2434 1769 2666 1853 Scipio
2711 1768 2955 1831 Massi-

763 1886 1012 1948 nissam
1078 1896 1280 1949 antea
1338 1907 1475 1949 non
1520 1888 1785 1951 viderat
1822 1887 1867 1970 5)
1886 1938 1899 1963 ,
1949 1898 2018 1952 et
2064 1888 2431 1969 Polybium
2480 1896 2682 1950 antea
2726 1885 2952 1948 solum

763 2002 831 2063 in
877 2001 1116 2070 Africa
1159 2001 1367 2065 fuisse
1410 2003 1596 2065 haud
1641 2005 1967 2067 credibile
2015 2013 2136 2067 est.
2209 2002 2439 2086 Scipio
2484 2013 2648 2065 tunc
2677 2002 2955 2084 quidem

763 2118 831 2180 in
908 2118 1309 2200 Hispaniam
1378 2120 1608 2195 rediit,
1678 2122 1803 2183 sed
1873 2123 2117 2184 eodem
2186 2140 2364 2183 anno
2383 2169 2397 2195 ,
2468 2139 2623 2183 cum
2690 2118 2957 2181 bellum

759 2231 1020 2296 finitum
1084 2244 1265 2297 esset
1281 2283 1295 2310 ,
1358 2234 1660 2298 Romam
1719 2236 2082 2310 revertisse
2127 2236 2413 2299 videtur.
2505 2235 2776 2297 Romae
2824 2233 2955 2297 Ca-

759 2359 991 2412 tonem
1049 2351 1392 2433 permovit
1449 2361 1526 2414 ut
1585 2352 1642 2414 is
1688 2373 1731 2414 a
1776 2350 2036 2416 Senatu
2081 2372 2352 2415 reorum
2397 2351 2838 2414 Achaeorum
2877 2351 2954 2412 in

756 2466 1047 2546 patriam
1131 2466 1425 2528 reditum
1491 2467 1928 2549 impetraret3
1998 2468 2330 2550 Polybius
2400 2467 2605 2530 etiam
2673 2466 2952 2530 Catonis

760 2590 1061 2644 mentem
1129 2583 1418 2645 tentavit
1433 2630 1449 2655 ,
1522 2603 1675 2645 cum
1739 2594 2023 2665 cuperet
2082 2593 2394 2647 senatum
2453 2584 2692 2646 iubere
2751 2592 2827 2645 ut
2880 2582 2954 2644 in

763 2699 1042 2761 eosdem
1101 2698 1397 2761 honores
1458 2719 1628 2780 quos
1690 2709 1892 2763 antea
1952 2701 2351 2764 habuissent
2406 2700 2953 2773 restituerentur;

762 2816 886 2877 sed
956 2835 1237 2896 operam
1304 2836 1494 2879 suam
1566 2815 1737 2880 Cato
1798 2818 2032 2880 abnuit
2064 2817 2126 2899 ⁶).
2219 2818 2394 2881 Tum
2456 2817 2525 2879 in
2589 2789 2954 2881 Graeciam

759 2929 1136 3011 profectus,
1199 2952 1257 2995 a.
1332 2954 1452 3012 149
1516 2932 1925 3015 Lilybaeum
1981 2933 2150 2996 abiit
2192 2933 2523 3015 Polybius
2567 2931 2753 3014 iussu
2799 2931 2951 2993 Ma-

757 3045 898 3108 nilii
916 3095 930 3121 ,
991 3047 1116 3108 sed
1175 3067 1331 3109 cum
1395 3046 1763 3130 Corcyram
1824 3049 2124 3112 venisset
2184 3049 2253 3110 in
2297 3049 2588 3129 patriam
2633 3047 2833 3111 rediit
2863 3046 2913 3128 ⁷)
2932 3096 2946 3123 ,

758 3162 991 3242 ibique
1051 3163 1297 3225 mansit
1341 3165 1431 3226 ad
1475 3184 1727 3226 annum
1785 3184 1901 3244 147
1925 3213 1938 3239 ,
1986 3185 2121 3246 quo
2170 3185 2346 3228 anno
2369 3165 2462 3244 ‚in
2506 3163 2745 3228 Affica
2792 3184 2951 3226 cum

763 3276 1083 3358 Scipione
1143 3277 1270 3341 fuit
1286 3301 1300 3353 ;
1348 3300 1514 3342 mox
1559 3282 1684 3342 sub
1731 3279 1937 3343 finem
1983 3282 2141 3343 anni
2196 3288 2317 3359 146
2367 3282 2600 3344 audita
2647 3280 2953 3345 Corinthi

848 3538 887 3620 ¹)
943 3541 1104 3616 App.
1164 3539 1308 3603 Hib.
1352 3559 1405 3599 c.
1454 3556 1528 3616 53
1572 3559 1703 3616 sqq.
1767 3541 1888 3600 Cfr.
1932 3542 2010 3600 de
2050 3541 2165 3600 hac
2205 3551 2377 3619 parte
2416 3542 2574 3601 vitae
2616 3543 2699 3601 H.
2743 3540 2959 3602 Nissen

755 3637 853 3698 die
896 3639 1044 3698 Oek.
1095 3639 1155 3698 d.
1202 3639 1292 3704 G..
1322 3638 1379 3697 d.
1425 3640 1489 3697 P.
1536 3659 1595 3716 p.
1643 3660 1754 3713 241
1803 3659 1932 3716 sqq.

838 3736 889 3818 2)
950 3736 1152 3797 Itineri
1205 3756 1243 3797 a
1300 3737 1551 3815 Polybio
1603 3736 1666 3796 in
1723 3738 1977 3798 Galliam
2032 3741 2192 3800 facto
2242 3738 2581 3817 Scipionem
2628 3739 2964 3802 interfuisse

755 3855 852 3897 me
891 3835 1088 3897 iudice
1130 3847 1366 3897 constat
1407 3857 1441 3898 e
1482 3839 1550 3897 P.
1591 3840 1873 3898 XXXIV.
1916 3859 1966 3898 c.
2020 3859 2092 3898 10
2134 3846 2162 3911 ξ
2209 3857 2262 3915 7.

841 3933 890 4016 3)
930 3937 995 3995 P.
1040 3955 1136 4013 ap.
1181 3938 1343 4013 App.
1385 3936 1514 3997 Lib.
1567 3955 1660 4013 71.

838 4032 888 4115 4)
930 4036 1090 4112 App.
1134 4034 1264 4096 Lib.
1315 4053 1425 4113 105
1473 4055 1560 4112 sq.
2433 4107 2440 4116 .

836 4130 887 4213 5>
928 4135 1087 4211 App.
1131 4134 1262 4194 Lib.
1307 4154 1360 4193 ε.
1408 4152 1514 4211 723
1557 4133 1721 4194 addo
1764 4133 1890 4195 Cic.
1934 4134 2010 4194 de
2051 4136 2204 4213 Rep.
2246 4137 2353 4196 VI.
2398 4157 2450 4197 c.
2499 4157 2554 4214 9.
2645 4121 2648 4122 *

840 4229 888 4311 ⁰)
930 4232 992 4289 P.
1038 4250 1134 4309 ap.
1178 4234 1330 4291 Plut.
1376 4233 1503 4292 Cat.
1552 4252 1603 4291 c.
1650 4252 1708 4309 9.
1791 4234 1857 4292 P.
1901 4234 2150 4294 XXXV.
2196 4254 2249 4293 e.
2295 4237 2332 4293 6

843 4326 889 4405 Ἰ)
929 4331 995 4388 P.
1036 4331 1345 4390 XXXVII.
1388 4351 1441 4390 c.
1493 4346 1573 4390 ιθ.
