3375 5084
1246 1178 1562 1242 CAPUT
1627 1180 1677 1242 I.

666 1431 894 1473 srnmA
939 1430 1283 1472 POETARUM
1300 1458 1314 1486 ,
1361 1430 1700 1473 msTomE
1715 1460 1729 1486 ,
1777 1414 2250 1475 P'fflLOSOPHLAE.

455 1642 536 1704 In
594 1661 848 1723 magno
910 1641 1317 1722 scriptorum
1377 1661 1657 1704 numero
1675 1690 1690 1718 ,
1745 1662 2030 1724 quorum
2075 1643 2287 1706 libros
2331 1644 2550 1725 perle-

367 1758 551 1839 gisse
618 1757 984 1839 Polybium
1053 1756 1362 1819 novimus
1380 1805 1394 1833 ,
1457 1778 1578 1820 eos
1637 1758 1774 1819 iam
1835 1758 1966 1821 hoc
2020 1758 2176 1822 loco
2222 1780 2265 1821 a
2311 1760 2551 1823 ceteris

370 1875 837 1958 segregandos
898 1895 1047 1937 esse
1112 1895 1358 1937 censeo
1417 1894 1703 1955 quorum
1751 1894 1962 1956 opera
2004 1862 2232 1938 iuveni
2278 1877 2519 1958 cuique
2537 1925 2550 1951 ,

368 1992 490 2055 tali
534 1991 718 2072 quali
764 1991 1093 2073 Polybius
1138 1992 1294 2055 loco
1341 2001 1501 2054 nato
1514 2040 1529 2067 ‚
1575 1992 1645 2054 in
1676 1992 1985 2054 manibus
2015 1991 2221 2055 fuisse
2246 2008 2549 2075 quosque

369 2106 734 2188 Polybium
795 2106 1302 2169 adolescentem
1363 2107 1608 2169 adiisse
1669 2107 2027 2188 probabile
2075 2117 2195 2171 est.
2286 2107 2552 2170 Horum

370 2222 773 2303 scriptorum
852 2223 1150 2285 studium
1166 2271 1180 2297 ‚
1269 2242 1424 2285 cum
1500 2223 1589 2284 ad
1657 2223 2130 2286 educationem
2196 2211 2551 2287 liberalem

367 2338 738 2419 pertineret
752 2386 766 2412 ‚
830 2357 1051 2419 neque
1112 2337 1434 2401 historiae
1495 2338 2026 2401 conscribendae
2084 2339 2364 2402 consilio
2410 2360 2550 2402 sus-

293 2460 296 2463 ’
369 2463 642 2535 ceptum
704 2462 915 2527 esset,
977 2463 1207 2516 tamen
1267 2453 1481 2515 multa
1540 2472 1665 2534 per
1724 2454 1935 2515 libros
1980 2473 2214 2535 sparsa
2258 2455 2553 2537 vestigia

368 2570 654 2652 reliquit.
766 2571 1006 2652 Itaque
1091 2590 1130 2632 e
1207 2570 1432 2650 poetis
1498 2568 1842 2632 Homerus
1913 2579 1982 2633 et
2048 2570 2403 2651 Euripides
2427 2618 2441 2646 ,
2512 2563 2595 2634 e‘

366 2686 788 2768 philosophis
849 2686 1049 2750 Plato
1113 2686 1259 2763 alii,
1309 2706 1347 2748 e
1393 2705 1617 2748 rerum
1663 2705 2066 2767 graecarum
2113 2686 2551 2767 scriptoribus

366 2801 762 2882 Xenophon
781 2850 795 2876 ‚
857 2800 1171 2882 Ephorus
1188 2849 1202 2877 ,
1265 2801 1583 2863 Timaeus
1642 2800 1758 2862 alii
1811 2796 2030 2863 abeo
2077 2811 2548 2865 memorantur.

368 2916 476 2980 Ac
537 2917 829 2999 primum
891 2917 1165 2999 quidem
1227 2914 1520 2980 Homeri
1568 2918 1939 2980 carminum
1995 2917 2385 3000 cognitione
2430 2918 2550 2981 im-
2589 2984 2593 2989 ,

367 3034 571 3095 butus
630 3032 771 3096 fuit.
865 3031 1093 3114 Saepe
1150 3006 1328 3096 enim
1374 3033 1681 3115 singulos
1727 3033 1842 3096 vel
1886 3034 2083 3096 binos
2127 3054 2364 3097 versus
2408 3035 2549 3097 lau-

369 3149 565 3212 datos
646 3148 1010 3210 narrationi
1094 3149 1371 3211 inseruit
1387 3197 1401 3223 ‚
1488 3148 1603 3211 vel
1683 3148 1987 3231 singulas
2069 3148 2393 3213 formulas
2462 3172 2554 3214 ex

368 3264 652 3327 Homeri
698 3265 1106 3328 carminibus
1153 3265 1624 3346 depromptas3
1673 3275 1744 3329 et
1789 3266 2064 3347 quidem
2109 3287 2200 3329 ex
2241 3265 2553 3349 Odyssea

369 3381 473 3443 bis
494 3378 584 3462 .1),
631 3381 983 3463 quinquies
1029 3376 1127 3443 ex'
1163 3379 1377 3442 Iliade
1418 3379 1480 3462 2).
1570 3379 1830 3443 Verum
1875 3401 2012 3443 non
2056 3381 2235 3444 hunc
2280 3382 2551 3444 unicum

323 3514 328 3519 ·
370 3516 564 3559 usum
632 3496 926 3579 Polybio
994 3496 1281 3577 praebet
1337 3495 1681 3558 Homerus
1701 3544 1715 3572 ,
1774 3505 1849 3559 ut
1907 3496 2189 3578 singulis
2245 3497 2553 3560 versibus

369 3614 634 3677 insertis
694 3613 1095 3677 sententiam
1159 3612 1457 3694 aliquam
1474 3660 1490 3686 ,
1547 3612 1917 3695 imaginem
1935 3662 1949 3687 ‚
1997 3613 2519 3694 descriptionem
2536 3661 2549 3688 ,

460 3857 498 3937 ¹)
552 3861 617 3917 P.
675 3860 782 3916 III.
841 3878 919 3932 94
970 3865 999 3928 ἓ
1048 3879 1104 3931 4.
1151 3892 1229 3900 --
1273 3857 1390 3916 Od.
1435 3858 1511 3915 X.
1562 3877 1710 3932 2323
1754 3858 1819 3915 P.
1865 3859 1969 3914 IV.
2014 3875 2087 3934 45
2134 3864 2163 3927 ἓ
2205 3859 2261 3915 6.
2308 3890 2388 3898 —-
2430 3855 2549 3914 Cfr.

370 3955 486 4015 Od.
528 3959 634 4016 XI.
682 3974 798 4034 590
843 3976 972 4033 sqq.

450 4053 500 4136 ²)
540 4057 666 4116 Pol.
710 4057 784 4115 V.
831 4058 906 4133 38
949 4062 977 4128 ς
1025 4075 1116 4113 10.
1163 4089 1239 4098 -
1282 4054 1350 4112 Il.
1393 4054 1588 4112 XXII.
1633 4073 1753 4130 304
1796 4071 1917 4129 sq.;
1960 4054 2025 4111 P.
2068 4053 2202 4111 XV.
2239 4071 2308 4110 12
2340 4059 2369 4122 ἓ
2399 4072 2453 4129 9.
2482 4088 2557 4095 --

368 4153 434 4211 Il.
497 4156 602 4214 IV.
668 4157 818 4232 4383
876 4157 941 4213 P.
999 4144 1277 4220 Xv..16‘
1325 4161 1354 4224 ἓ
1406 4173 1461 4228 3.
1505 4188 1585 4196 --
1627 4153 1696 4210 Il.
1740 4153 1845 4210 IV.
1890 4171 2038 4228 3003
2081 4153 2147 4210 P.
2190 4151 2416 4209 XVIII.
2464 4171 2556 4210 12.

366 4260 395 4323 ἓ
447 4256 503 4311 6.
546 4289 624 4297 ——
665 4254 734 4312 Il.
776 4255 943 4312 XIII.
993 4273 1099 4329 131
1156 4253 1241 4311 vel
1281 4253 1446 4312 XVI.
1493 4268 1605 4327 215
1628 4273 1653 4324 3,
1688 4269 1865 4327 quem
1906 4249 2106 4308 locum
2149 4247 2328 4308 etiam
2371 4248 2559 4327 tangit

369 4352 434 4407 P.
476 4353 610 4410 XII.
655 4373 707 4410 c.
756 4372 823 4410 21
871 4360 899 4422 ξ
943 4371 997 4426 3.

2362 4453 2389 4502 1
