3375 5084
1422 346 1499 406 95

343 521 623 590 >ratione
687 520 1104 601 exposuisse.
1196 517 1337 583 Sed
1396 520 1443 582 ii
1507 540 1769 582 errores
1833 519 2125 601 Polybio
2182 520 2560 601 imputandi

365 645 519 699 sunt
594 636 894 716 quisquis
972 635 1035 697 ei
1104 633 1229 697 fuit
1299 644 1551 697 auctor.
1660 634 1815 697 Non
1882 636 2175 716 probare
2244 645 2528 715 possunt
2545 683 2559 709 ,

301 838 302 841 Ἴ
364 751 651 814 Fabium
716 751 780 813 ei
845 761 1195 814 auctorem
1242 770 1378 813 non
1423 749 1645 813 fuisse.
1738 750 1826 813 Et
1873 771 1957 813 ea
2001 751 2309 832 quaestio
2327 799 2340 826 ,
2389 752 2565 831 quis-

365 889 524 930 nam
584 868 649 930 ei
707 867 912 930 fuerit
968 878 1238 942 auctor,
1300 867 1498 930 unice
1561 869 1648 929 de
1707 866 1843 929 fide
1891 867 2183 948 Polybio
2228 868 2360 930 hoc
2407 866 2562 930 loco

325 981 330 984 ’
365 985 683 1047 habenda
745 984 1067 1047 decernit.
1158 983 1339 1046 Fieri
1391 983 1613 1066 potuit
1659 993 1735 1046 ut
1781 984 2226 1066 neglegentia
2271 984 2565 1065 quadam

364 1101 560 1163 unius
634 1100 793 1163 anni
862 1100 1212 1182 expeditio
1275 1120 1314 1162 e
1374 1100 1650 1181 Polybii
1710 1100 2105 1162 recensione
2169 1100 2534 1162 excidisset
2551 1148 2565 1174 ,

367 1226 437 1280 et
503 1217 575 1279 id
643 1216 1030 1298 acciperem
1091 1216 1148 1278 si
1208 1216 1306 1279 ita
1368 1215 1630 1278 vulneri
1676 1217 2079 1278 mederetur.
2172 1214 2313 1279 Sed
2358 1202 2565 1297 plane

366 1331 514 1395 fieri
558 1353 695 1395 non
739 1332 961 1414 potuit
1004 1342 1080 1395 ut
1126 1352 1361 1395 omnes
1409 1312 1526 1423 eas
1572 1352 1681 1395 res
1729 1352 1898 1412 quas
1943 1332 2013 1394 in
2041 1333 2242 1395 bellis
2281 1331 2563 1396 Gallicis

366 1458 601 1531 gestas
671 1469 823 1512 esse
892 1449 1126 1511 Livius
1188 1449 1424 1523 tradit,
1489 1451 1577 1511 ab
1642 1468 1727 1511 eo
1781 1448 2228 1531 neglegentia
2274 1450 2562 1512 omissae
2604 1467 2610 1471 ⁴

366 1563 531 1638 sint;
579 1563 808 1645 itaque
853 1584 940 1626 ne
987 1564 1157 1626 illud
1203 1564 1477 1645 quidem
1522 1563 1667 1626 iure
1713 1564 1919 1627 statui
1964 1574 2209 1645 potest.

455 1678 689 1742 Livius
749 1680 818 1742 in
878 1680 1067 1743 libris
1130 1679 1497 1742 VI—-VIII
1548 1680 1764 1742 multa
1808 1679 1994 1742 bella
2012 1730 2026 1755 ,
2075 1681 2453 1762 triumphos
2491 1680 2565 1762 ¹),

365 1794 687 1858 victorias
705 1844 718 1871 ,
783 1795 1151 1859 dictaturas
1210 1796 1579 1859 memoriae
1625 1795 1833 1859 tradit
1850 1845 1864 1870 ‚
1912 1816 2091 1877 quae
2137 1797 2193 1859 si
2238 1797 2567 1879 Polybius

366 1909 585 1974 Fabio
648 1932 808 1974 usus
866 1922 971 1975 est
988 1960 1004 1987 ‚
1050 1933 1092 1975 a
1136 1911 1353 1975 Fabio
1401 1913 1670 1975 silentio
1717 1912 2195 1994 praetermissa
2242 1913 2373 1976 sint
2406 1913 2449 1995 2)
2498 1923 2568 1976 et

364 2028 483 2091 vel
527 2038 768 2110 postea
812 2028 973 2092 ficta
1018 2028 1133 2092 vel
1178 2039 1420 2112 postea
1465 2051 1557 2093 ex
1601 2030 1887 2092 aliarum
1939 2029 2248 2112 gentium
2295 2029 2568 2093 tablinis

364 2143 437 2205 in
508 2145 732 2208 lucem
801 2146 985 2211 edita
1051 2146 1185 2209 sint
1251 2167 1531 2210 necesse
1603 2156 1726 2212 est.
1844 2145 2225 2209 Consensus
2295 2147 2569 2227 quidam

364 2261 739 2324 restituitur
800 2262 956 2325 inde
1019 2265 1107 2325 ab
1166 2284 1344 2326 anno
1396 2283 1518 2343 295
1542 2312 1555 2339 ,
1604 2266 1739 2344 quo
1786 2262 2040 2325 Fabius
2087 2263 2432 2326 Maximus
2479 2265 2569 2326 ad

365 2373 727 2440 Sentinum
774 2377 1014 2442 Gallos
1059 2379 1484 2462 profligavit;
1518 2379 2198 2442 animadvertendum
2229 2389 2333 2442 est
2363 2379 2569 2442 etiam

361 2493 547 2557 inter
615 2469 733 2558 eas
804 2495 1124 2579 victorias
1193 2516 1360 2578 quas
1428 2496 1760 2577 Polybius
1826 2515 1964 2558 non
2028 2495 2220 2558 novit
2235 2544 2249 2570 ,
2310 2495 2568 2558 nullam

368 2631 524 2673 esse
579 2610 970 2674 Fabianam.
1062 2611 1279 2694 Atqui
1324 2612 1559 2674 Livius
1604 2611 1752 2693 ipse
1800 2613 2048 2674 docere
2094 2611 2387 2685 videtur,
2435 2621 2568 2674 tra-

369 2725 699 2788 ditionem
745 2748 938 2790 suam
983 2748 1225 2791 revera
1269 2738 1415 2791 toto
1464 2701 1659 2791 coelo
1709 2728 2094 2809 discrepare
2141 2748 2183 2789 a
2225 2711 2573 2789 veteribus
2661 2728 2664 2732 ’

271 2888 276 2892 -
369 2843 731 2907 annalibus
803 2844 1017 2907 Fabii.
1125 2844 1205 2907 Id
1266 2845 1475 2907 sensit
1535 2865 1691 2908 cum
1751 2845 1925 2907 libro
1990 2843 2160 2906 VIII
2221 2845 2310 2906 ad
2369 2841 2575 2905 finem

465 3173 506 3255 ¹)
567 3177 863 3235 Actorum
926 3174 1363 3252 triumphorum
1420 3173 1895 3253 Capitolinorum
1953 3195 2025 3236 ea
2079 3195 2217 3253 pars
2269 3175 2581 3253 deperdita

366 3284 461 3335 est
514 3293 667 3351 quae
720 3274 985 3335 continet
1040 3294 1227 3335 annos
1263 3279 1628 3352 '437—362.
1729 3276 2010 3336 Ceterum
2067 3278 2145 3336 de
2201 3276 2386 3335 Gallis
2441 3284 2580 3335 ante

373 3392 490 3451 295
553 3373 747 3434 eidem
790 3373 1073 3452 triumphi
1113 3384 1520 3435 memorantur
1563 3375 1665 3453 qui
1707 3394 1745 3434 a
1783 3374 1985 3435 Livio:
2033 3378 2183 3452 360,
2230 3378 2380 3454 358,
2427 3392 2577 3452 3503

370 3488 488 3550 295
559 3472 761 3553 (etiam
824 3494 878 3533 a.
946 3478 1058 3551 361
1117 3476 1237 3534 duo
1296 3474 1577 3551 triumphi
1631 3473 1694 3534 in
1746 3475 1908 3534 fastis
1958 3484 2396 3549 memorantur3
2442 3494 2578 3534 cum

370 3571 576 3632 Livius
616 3566 839 3632 nullum
884 3571 1145 3654 habeat).
1229 3575 1457 3633 Eorum
1498 3573 1823 3634 auctoritas
1863 3593 1986 3634 non
2027 3573 2216 3634 maior
2258 3594 2384 3635 esse
2421 3574 2582 3634 vide·
2623 3644 2627 3648 ,

368 3683 470 3732 tur
512 3691 694 3749 quam
737 3672 1038 3733 annalium
1081 3692 1232 3750 quos
1273 3672 1473 3733 Livius
1516 3682 1756 3733 secutus
1797 3684 1904 3733 est.

457 3769 509 3853 2>
564 3772 680 3832 Sed
738 3793 878 3832 cum
933 3771 1213 3851 Polybius
1274 3771 1454 3832 etiam
1508 3771 1650 3833 alibi
1706 3774 1892 3833 soleat
1934 3772 2265 3851 triumphos
2306 3771 2580 3833 omittere

370 3890 528 3949 quos
597 3881 870 3932 auctores
942 3871 1066 3932 eius
1134 3871 1457 3932 memoriae
1526 3873 1994 3948 mandaverant,
2064 3872 2191 3932 fieri
2258 3881 2454 3950 potest
2517 3883 2581 3932 ut

372 3969 595 4031 Fabius
664 3970 889 4048 aliquot
957 3971 1289 4050 triumphos
1352 3971 1664 4032 tradiderit
1680 4019 1696 4047 ,
1759 3992 1975 4049 nempe
2038 3992 2219 4033 unum
2282 3972 2376 4031 vel
2437 3972 2576 4032 du0.

374 4068 777 4147 Triumphum
839 4069 996 4131 enim
1062 4070 1140 4146 Q.
1195 4069 1366 4132 Fabii
1406 4070 1656 4131 Maximi
1698 4070 1956 4131 Rulliani
1998 4090 2053 4130 a.
2101 4089 2211 4149 295
2258 4081 2395 4148 post
2435 4091 2581 4149 pug—

279 4174 283 4178 “
375 4186 521 4230 nam
582 4171 662 4229 ad
723 4169 1030 4231 Sentinum
1086 4180 1289 4230 actum
1346 4191 1486 4231 sane
1526 4191 1648 4232 non
1691 4170 1969 4231 omiserat
2009 4169 2226 4231 Fabius
2267 4169 2356 4250 (P.
2401 4191 2453 4231 e.
2507 4190 2578 4248 19

378 4276 409 4340 ἓ
453 4267 533 4349 6).
616 4269 733 4330 Sed
775 4268 836 4329 in
874 4269 1274 4348 superioribus
1313 4269 1514 4331 Livius
1556 4290 1733 4348 saepe
1775 4272 1851 4331 de
1893 4268 2192 4347 triumpho
2237 4269 2447 4344 tradit,
2478 4269 2580 4330 ubi

379 4367 603 4429 Fabius
642 4389 718 4430 ne
759 4382 1088 4449 pugnatum
1131 4371 1374 4448 quidem
1416 4390 1543 4430 esse
1585 4370 1929 4430 tradiderat.
