<?xml version="1.0" encoding="UTF-8"?>
<!DOCTYPE html PUBLIC "-//W3C//DTD XHTML 1.0 Transitional//EN"
    "http://www.w3.org/TR/xhtml1/DTD/xhtml1-transitional.dtd">
<html xmlns="http://www.w3.org/1999/xhtml" xml:lang="en" lang="en">
 <head>
  <title>
</title>
<meta http-equiv="Content-Type" content="text/html;charset=utf-8" />
  <meta name='ocr-system' content='tesseract 3.04.00' />
  <meta name='ocr-capabilities' content='ocr_page ocr_carea ocr_par ocr_line ocrx_word'/>
</head>
<body>
  <div class='ocr_page' id='page_1' title='image "./depolybiifontib00wetegoog_0035.png"; bbox 0 0 3375 5084; ppageno 0'>
   <div class='ocr_carea' id='block_1_1' title="bbox 1519 346 1595 402">
    <p class='ocr_par' dir='ltr' id='par_1_1' title="bbox 1519 346 1595 402">
     <span class='ocr_line' id='line_1_1' title="bbox 1519 346 1595 402; baseline 0 0"><span class='ocrx_word' id='word_1_1' title='bbox 1519 346 1595 402; x_wconf 82' lang='lat'><strong>23</strong></span> 
     </span>
    </p>
   </div>
   <div class='ocr_carea' id='block_1_2' title="bbox 378 518 2654 3272">
    <p class='ocr_par' dir='ltr' id='par_1_2' title="bbox 378 518 2654 3272">
     <span class='ocr_line' id='line_1_2' title="bbox 457 518 2653 600; baseline 0.001 -20"><span class='ocrx_word' id='word_1_2' title='bbox 457 519 820 581; x_wconf 89' lang='lat' dir='ltr'><strong>videbatur</strong></span> <span class='ocrx_word' id='word_1_3' title='bbox 834 566 848 592; x_wconf 93' lang='lat'><strong><em>,</em></strong></span> <span class='ocrx_word' id='word_1_4' title='bbox 935 537 1159 598; x_wconf 92' lang='lat' dir='ltr'><strong>neque</strong></span> <span class='ocrx_word' id='word_1_5' title='bbox 1244 538 1420 599; x_wconf 91' lang='lat' dir='ltr'><strong>quae</strong></span> <span class='ocrx_word' id='word_1_6' title='bbox 1496 538 1620 580; x_wconf 94' lang='lat' dir='ltr'><strong>nos</strong></span> <span class='ocrx_word' id='word_1_7' title='bbox 1687 518 1757 580; x_wconf 93' lang='lat' dir='ltr'><strong>in</strong></span> <span class='ocrx_word' id='word_1_8' title='bbox 1825 518 2180 600; x_wconf 83' lang='lat' dir='ltr'>republica</span> <span class='ocrx_word' id='word_1_9' title='bbox 2247 518 2653 583; x_wconf 84' lang='lat' dir='ltr'><strong>Atheniensi</strong></span> 
     </span>
     <span class='ocr_line' id='line_1_3' title="bbox 456 633 2652 718; baseline 0.002 -23"><span class='ocrx_word' id='word_1_10' title='bbox 456 633 865 696; x_wconf 84' lang='lat' dir='ltr'><strong>admiramur</strong></span> <span class='ocrx_word' id='word_1_11' title='bbox 953 633 1129 695; x_wconf 92' lang='lat' dir='ltr'><strong>iusto</strong></span> <span class='ocrx_word' id='word_1_12' title='bbox 1218 633 1438 714; x_wconf 92' lang='lat' dir='ltr'><strong>pretio</strong></span> <span class='ocrx_word' id='word_1_13' title='bbox 1516 633 1876 697; x_wconf 91' lang='lat' dir='ltr'><strong>aestimare</strong></span> <span class='ocrx_word' id='word_1_14' title='bbox 1953 644 2286 716; x_wconf 82' lang='lat' dir='ltr'><strong>poterant.</strong></span> <span class='ocrx_word' id='word_1_15' title='bbox 2411 635 2652 718; x_wconf 85' lang='lat' dir='ltr'><strong>Itaque</strong></span> 
     </span>
     <span class='ocr_line' id='line_1_4' title="bbox 454 747 2654 833; baseline 0.001 -20"><span class='ocrx_word' id='word_1_16' title='bbox 454 749 755 832; x_wconf 90' lang='lat' dir='ltr'><strong>Philippi</strong></span> <span class='ocrx_word' id='word_1_17' title='bbox 823 758 894 812; x_wconf 95' lang='lat' dir='ltr'><strong>et</strong></span> <span class='ocrx_word' id='word_1_18' title='bbox 965 747 1348 812; x_wconf 80' lang='lat' dir='ltr'><strong>Alexandri</strong></span> <span class='ocrx_word' id='word_1_19' title='bbox 1415 748 1698 812; x_wconf 82' lang='lat' dir='ltr'><strong>insidiae</strong></span> <span class='ocrx_word' id='word_1_20' title='bbox 1716 798 1731 825; x_wconf 89' lang='lat'><em>,</em></span> <span class='ocrx_word' id='word_1_21' title='bbox 1802 750 2044 832; x_wconf 91' lang='lat' dir='ltr'><strong>quibus</strong></span> <span class='ocrx_word' id='word_1_22' title='bbox 2110 750 2182 812; x_wconf 90' lang='lat' dir='ltr'><strong>hi</strong></span> <span class='ocrx_word' id='word_1_23' title='bbox 2242 751 2520 833; x_wconf 89' lang='lat' dir='ltr'><strong>ingenio</strong></span> <span class='ocrx_word' id='word_1_24' title='bbox 2583 761 2654 815; x_wconf 95' lang='lat' dir='ltr'><strong>et</strong></span> 
     </span>
     <span class='ocr_line' id='line_1_5' title="bbox 453 864 2645 948; baseline 0.001 -20"><span class='ocrx_word' id='word_1_25' title='bbox 453 866 750 928; x_wconf 87' lang='lat' dir='ltr'><strong>libertati</strong></span> <span class='ocrx_word' id='word_1_26' title='bbox 811 866 1082 948; x_wconf 89' lang='lat' dir='ltr'><strong>graecis</strong></span> <span class='ocrx_word' id='word_1_27' title='bbox 1141 864 1333 928; x_wconf 84' lang='lat' dir='ltr'><strong>frena</strong></span> <span class='ocrx_word' id='word_1_28' title='bbox 1391 865 1768 930; x_wconf 90' lang='lat' dir='ltr'><strong>iniecerunt</strong></span> <span class='ocrx_word' id='word_1_29' title='bbox 1784 914 1799 941; x_wconf 89' lang='lat'><em>,</em></span> <span class='ocrx_word' id='word_1_30' title='bbox 1845 866 1928 928; x_wconf 93' lang='lat' dir='ltr'><strong>iis</strong></span> <span class='ocrx_word' id='word_1_31' title='bbox 1970 866 2378 930; x_wconf 89' lang='lat' dir='ltr'><strong>videbantur</strong></span> <span class='ocrx_word' id='word_1_32' title='bbox 2420 886 2645 931; x_wconf 90' lang='lat' dir='ltr'><strong>novae</strong></span> 
     </span>
     <span class='ocr_line' id='line_1_6' title="bbox 451 981 2653 1064; baseline 0.001 -20"><span class='ocrx_word' id='word_1_33' title='bbox 451 983 622 1046; x_wconf 92' lang='lat' dir='ltr'><strong>lucis</strong></span> <span class='ocrx_word' id='word_1_34' title='bbox 690 991 761 1045; x_wconf 94' lang='lat' dir='ltr'><strong>et</strong></span> <span class='ocrx_word' id='word_1_35' title='bbox 831 981 965 1044; x_wconf 92' lang='lat' dir='ltr'><strong>diei</strong></span> <span class='ocrx_word' id='word_1_36' title='bbox 1026 982 1614 1064; x_wconf 84' lang='lat' dir='ltr'><strong>praeparationes3</strong></span> <span class='ocrx_word' id='word_1_37' title='bbox 1678 983 2069 1045; x_wconf 86' lang='lat' dir='ltr'><strong>laudatores</strong></span> <span class='ocrx_word' id='word_1_38' title='bbox 2132 982 2458 1064; x_wconf 92' lang='lat' dir='ltr'><strong>temporis</strong></span> <span class='ocrx_word' id='word_1_39' title='bbox 2517 984 2653 1047; x_wconf 89' lang='lat' dir='ltr'><strong>acti</strong></span> 
     </span>
     <span class='ocr_line' id='line_1_7' title="bbox 453 1097 2649 1181; baseline 0 -20"><span class='ocrx_word' id='word_1_40' title='bbox 453 1119 604 1162; x_wconf 90' lang='lat' dir='ltr'><strong>esse</strong></span> <span class='ocrx_word' id='word_1_41' title='bbox 671 1119 808 1161; x_wconf 93' lang='lat' dir='ltr'><strong>non</strong></span> <span class='ocrx_word' id='word_1_42' title='bbox 877 1107 1200 1180; x_wconf 87' lang='lat' dir='ltr'><strong>poterant</strong></span> <span class='ocrx_word' id='word_1_43' title='bbox 1259 1097 1387 1160; x_wconf 92' lang='lat' dir='ltr'><strong>nisi</strong></span> <span class='ocrx_word' id='word_1_44' title='bbox 1448 1098 1585 1161; x_wconf 91' lang='lat' dir='ltr'><strong>suis</strong></span> <span class='ocrx_word' id='word_1_45' title='bbox 1642 1099 1848 1162; x_wconf 92' lang='lat' dir='ltr'><strong>rebus</strong></span> <span class='ocrx_word' id='word_1_46' title='bbox 1895 1098 2302 1181; x_wconf 88' lang='lat' dir='ltr'><strong>dignitatem</strong></span> <span class='ocrx_word' id='word_1_47' title='bbox 2348 1099 2649 1162; x_wconf 90' lang='lat' dir='ltr'><strong>adimere</strong></span> 
     </span>
     <span class='ocr_line' id='line_1_8' title="bbox 454 1213 2649 1297; baseline 0 -20"><span class='ocrx_word' id='word_1_48' title='bbox 454 1214 729 1278; x_wconf 90' lang='lat' dir='ltr'><strong>vellent.</strong></span> <span class='ocrx_word' id='word_1_49' title='bbox 824 1213 1157 1296; x_wconf 87' lang='lat' dir='ltr'><strong>Polybius</strong></span> <span class='ocrx_word' id='word_1_50' title='bbox 1218 1223 1447 1277; x_wconf 91' lang='lat' dir='ltr'><strong>autem</strong></span> <span class='ocrx_word' id='word_1_51' title='bbox 1509 1234 1664 1278; x_wconf 90' lang='lat' dir='ltr'><strong>cum</strong></span> <span class='ocrx_word' id='word_1_52' title='bbox 1712 1214 2144 1297; x_wconf 88' lang='lat' dir='ltr'><strong>Megalopoli</strong></span> <span class='ocrx_word' id='word_1_53' title='bbox 2189 1224 2388 1278; x_wconf 91' lang='lat' dir='ltr'><strong>natus</strong></span> <span class='ocrx_word' id='word_1_54' title='bbox 2432 1215 2502 1278; x_wconf 92' lang='lat' dir='ltr'><strong>in</strong></span> <span class='ocrx_word' id='word_1_55' title='bbox 2546 1234 2649 1278; x_wconf 87' lang='lat' dir='ltr'><strong>re-</strong></span> 
     </span>
     <span class='ocr_line' id='line_1_9' title="bbox 449 1330 2651 1413; baseline 0 -19"><span class='ocrx_word' id='word_1_56' title='bbox 449 1332 578 1394; x_wconf 95' lang='lat' dir='ltr'><strong>bus</strong></span> <span class='ocrx_word' id='word_1_57' title='bbox 649 1330 973 1395; x_wconf 87' lang='lat' dir='ltr'><strong>Achaicis</strong></span> <span class='ocrx_word' id='word_1_58' title='bbox 1043 1330 1364 1412; x_wconf 86' lang='lat' dir='ltr'><strong>gerendis</strong></span> <span class='ocrx_word' id='word_1_59' title='bbox 1424 1330 1637 1394; x_wconf 91' lang='lat' dir='ltr'><strong>vitam</strong></span> <span class='ocrx_word' id='word_1_60' title='bbox 1702 1331 1993 1413; x_wconf 85' lang='lat' dir='ltr'><strong>degeret</strong></span> <span class='ocrx_word' id='word_1_61' title='bbox 2012 1380 2026 1406; x_wconf 93' lang='lat'>‚</span> <span class='ocrx_word' id='word_1_62' title='bbox 2086 1351 2197 1394; x_wconf 91' lang='lat' dir='ltr'><strong>res</strong></span> <span class='ocrx_word' id='word_1_63' title='bbox 2258 1340 2416 1395; x_wconf 90' lang='lat' dir='ltr'><strong>ante</strong></span> <span class='ocrx_word' id='word_1_64' title='bbox 2462 1341 2651 1395; x_wconf 86' lang='lat' dir='ltr'><strong>actas</strong></span> 
     </span>
     <span class='ocr_line' id='line_1_10' title="bbox 452 1447 2649 1530; baseline 0 -20"><span class='ocrx_word' id='word_1_65' title='bbox 452 1447 730 1510; x_wconf 88' lang='lat' dir='ltr'><strong>iustiore</strong></span> <span class='ocrx_word' id='word_1_66' title='bbox 784 1447 1005 1528; x_wconf 92' lang='lat' dir='ltr'><strong>pretio</strong></span> <span class='ocrx_word' id='word_1_67' title='bbox 1063 1447 1425 1510; x_wconf 91' lang='lat' dir='ltr'><strong>aestimare</strong></span> <span class='ocrx_word' id='word_1_68' title='bbox 1471 1467 1607 1510; x_wconf 93' lang='lat' dir='ltr'><strong>non</strong></span> <span class='ocrx_word' id='word_1_69' title='bbox 1653 1447 1889 1510; x_wconf 88' lang='lat' dir='ltr'><strong>didicit</strong></span> <span class='ocrx_word' id='word_1_70' title='bbox 1904 1495 1919 1523; x_wconf 91' lang='lat'><strong>,</strong></span> <span class='ocrx_word' id='word_1_71' title='bbox 1967 1467 2380 1530; x_wconf 90' lang='lat' dir='ltr'><strong>quamquam</strong></span> <span class='ocrx_word' id='word_1_72' title='bbox 2425 1449 2649 1512; x_wconf 91' lang='lat' dir='ltr'><strong>studia</strong></span> 
     </span>
     <span class='ocr_line' id='line_1_11' title="bbox 455 1562 2646 1646; baseline 0.001 -20"><span class='ocrx_word' id='word_1_73' title='bbox 455 1563 858 1645; x_wconf 91' lang='lat' dir='ltr'><strong>scriptorum</strong></span> <span class='ocrx_word' id='word_1_74' title='bbox 925 1562 1314 1626; x_wconf 91' lang='lat' dir='ltr'><strong>Atticorum</strong></span> <span class='ocrx_word' id='word_1_75' title='bbox 1375 1563 1439 1626; x_wconf 95' lang='lat' dir='ltr'><strong>ei</strong></span> <span class='ocrx_word' id='word_1_76' title='bbox 1500 1572 1761 1626; x_wconf 89' lang='lat' dir='ltr'><strong>rectam</strong></span> <span class='ocrx_word' id='word_1_77' title='bbox 1822 1563 2005 1625; x_wconf 90' lang='lat' dir='ltr'><strong>viam</strong></span> <span class='ocrx_word' id='word_1_78' title='bbox 2065 1563 2362 1628; x_wconf 91' lang='lat' dir='ltr'><strong>indicare</strong></span> <span class='ocrx_word' id='word_1_79' title='bbox 2407 1574 2646 1646; x_wconf 93' lang='lat' dir='ltr'><strong>potue-</strong></span> 
     </span>
     <span class='ocr_line' id='line_1_12' title="bbox 448 1675 2645 1761; baseline 0.001 -20"><span class='ocrx_word' id='word_1_80' title='bbox 448 1689 603 1742; x_wconf 92' lang='lat' dir='ltr'><strong>-rant</strong></span> <span class='ocrx_word' id='word_1_81' title='bbox 646 1675 719 1761; x_wconf 88' lang='lat' dir='ltr'><strong>l);</strong></span> <span class='ocrx_word' id='word_1_82' title='bbox 784 1680 907 1742; x_wconf 92' lang='lat' dir='ltr'><strong>sed</strong></span> <span class='ocrx_word' id='word_1_83' title='bbox 966 1678 1492 1742; x_wconf 90' lang='lat' dir='ltr'><strong>Atheniensium</strong></span> <span class='ocrx_word' id='word_1_84' title='bbox 1536 1679 2029 1761; x_wconf 89' lang='lat' dir='ltr'><strong>rempublicam</strong></span> <span class='ocrx_word' id='word_1_85' title='bbox 2072 1678 2218 1743; x_wconf 87' lang='lat' dir='ltr'><strong>fere</strong></span> <span class='ocrx_word' id='word_1_86' title='bbox 2263 1700 2420 1744; x_wconf 91' lang='lat' dir='ltr'><strong>cum</strong></span> <span class='ocrx_word' id='word_1_87' title='bbox 2466 1681 2645 1743; x_wconf 88' lang='lat' dir='ltr'><strong>The·</strong></span> 
     </span>
     <span class='ocr_line' id='line_1_13' title="bbox 452 1794 2647 1878; baseline 0 -20"><span class='ocrx_word' id='word_1_88' title='bbox 452 1796 633 1858; x_wconf 91' lang='lat' dir='ltr'><strong>bana</strong></span> <span class='ocrx_word' id='word_1_89' title='bbox 710 1795 1057 1877; x_wconf 91' lang='lat' dir='ltr'><strong>componit</strong></span> <span class='ocrx_word' id='word_1_90' title='bbox 1110 1794 1170 1877; x_wconf 84' lang='lat'><strong>²).</strong></span> <span class='ocrx_word' id='word_1_91' title='bbox 1286 1794 1827 1858; x_wconf 92' lang='lat' dir='ltr'><strong>Demosthenem</strong></span> <span class='ocrx_word' id='word_1_92' title='bbox 1894 1795 2236 1877; x_wconf 89' lang='lat' dir='ltr'><strong>vituperat</strong></span> <span class='ocrx_word' id='word_1_93' title='bbox 2305 1797 2488 1878; x_wconf 92' lang='lat' dir='ltr'><strong>quod</strong></span> <span class='ocrx_word' id='word_1_94' title='bbox 2557 1796 2615 1859; x_wconf 92' lang='lat' dir='ltr'><strong>is</strong></span> <span class='ocrx_word' id='word_1_95' title='bbox 2632 1845 2647 1872; x_wconf 89' lang='lat'><em>,</em></span> 
     </span>
     <span class='ocr_line' id='line_1_14' title="bbox 455 1910 2644 1976; baseline 0.001 -2"><span class='ocrx_word' id='word_1_96' title='bbox 455 1933 608 1975; x_wconf 92' lang='lat' dir='ltr'><strong>cum</strong></span> <span class='ocrx_word' id='word_1_97' title='bbox 669 1932 833 1974; x_wconf 92' lang='lat' dir='ltr'><strong>suae</strong></span> <span class='ocrx_word' id='word_1_98' title='bbox 881 1911 1066 1974; x_wconf 89' lang='lat' dir='ltr'><strong>urbis</strong></span> <span class='ocrx_word' id='word_1_99' title='bbox 1112 1912 1473 1974; x_wconf 91' lang='lat' dir='ltr'><strong>commoda</strong></span> <span class='ocrx_word' id='word_1_100' title='bbox 1519 1920 1757 1974; x_wconf 90' lang='lat' dir='ltr'><strong>contra</strong></span> <span class='ocrx_word' id='word_1_101' title='bbox 1802 1910 2278 1974; x_wconf 91' lang='lat' dir='ltr'><strong>Macedoniam</strong></span> <span class='ocrx_word' id='word_1_102' title='bbox 2324 1910 2644 1976; x_wconf 89' lang='lat' dir='ltr'><strong>defende-</strong></span> 
     </span>
     <span class='ocr_line' id='line_1_15' title="bbox 455 2024 2646 2108; baseline 0 -18"><span class='ocrx_word' id='word_1_103' title='bbox 455 2037 559 2090; x_wconf 90' lang='lat' dir='ltr'><strong>ret</strong></span> <span class='ocrx_word' id='word_1_104' title='bbox 574 2076 589 2103; x_wconf 89' lang='lat'>,</span> <span class='ocrx_word' id='word_1_105' title='bbox 660 2047 734 2090; x_wconf 93' lang='lat' dir='ltr'><strong>se</strong></span> <span class='ocrx_word' id='word_1_106' title='bbox 802 2046 928 2108; x_wconf 92' lang='lat' dir='ltr'><strong>pro</strong></span> <span class='ocrx_word' id='word_1_107' title='bbox 990 2036 1136 2090; x_wconf 91' lang='lat' dir='ltr'><strong>tota</strong></span> <span class='ocrx_word' id='word_1_108' title='bbox 1198 2025 1489 2090; x_wconf 84' lang='lat' dir='ltr'><strong>Graecia</strong></span> <span class='ocrx_word' id='word_1_109' title='bbox 1552 2036 1622 2089; x_wconf 93' lang='lat' dir='ltr'><strong>et</strong></span> <span class='ocrx_word' id='word_1_110' title='bbox 1681 2046 1807 2108; x_wconf 93' lang='lat' dir='ltr'><strong>pro</strong></span> <span class='ocrx_word' id='word_1_111' title='bbox 1864 2024 2284 2090; x_wconf 85' lang='lat' dir='ltr'><strong>Graecorum</strong></span> <span class='ocrx_word' id='word_1_112' title='bbox 2328 2026 2646 2091; x_wconf 91' lang='lat' dir='ltr'><strong>libertate</strong></span> 
     </span>
     <span class='ocr_line' id='line_1_16' title="bbox 455 2128 2646 2226; baseline 0 -21"><span class='ocrx_word' id='word_1_113' title='bbox 455 2163 801 2226; x_wconf 90' lang='lat' dir='ltr'><strong>pugnasse</strong></span> <span class='ocrx_word' id='word_1_114' title='bbox 849 2128 1294 2218; x_wconf 83' lang='lat' dir='ltr'><strong>simulaverit,</strong></span> <span class='ocrx_word' id='word_1_115' title='bbox 1342 2152 1413 2205; x_wconf 93' lang='lat' dir='ltr'><strong>et</strong></span> <span class='ocrx_word' id='word_1_116' title='bbox 1458 2162 1695 2205; x_wconf 91' lang='lat' dir='ltr'><strong>omnes</strong></span> <span class='ocrx_word' id='word_1_117' title='bbox 1741 2142 2044 2224; x_wconf 92' lang='lat' dir='ltr'><strong>Philippi</strong></span> <span class='ocrx_word' id='word_1_118' title='bbox 2090 2142 2311 2206; x_wconf 93' lang='lat' dir='ltr'><strong>socios</strong></span> <span class='ocrx_word' id='word_1_119' title='bbox 2345 2140 2646 2207; x_wconf 83' lang='lat' dir='ltr'><strong>Graecos</strong></span> 
     </span>
     <span class='ocr_line' id='line_1_17' title="bbox 454 2255 2648 2342; baseline -0 -20"><span class='ocrx_word' id='word_1_120' title='bbox 454 2260 872 2342; x_wconf 91' lang='lat' dir='ltr'><strong>proditorum</strong></span> <span class='ocrx_word' id='word_1_121' title='bbox 916 2259 1188 2322; x_wconf 93' lang='lat' dir='ltr'><strong>nomine</strong></span> <span class='ocrx_word' id='word_1_122' title='bbox 1233 2257 1573 2322; x_wconf 87' lang='lat' dir='ltr'><strong>notaverit</strong></span> <span class='ocrx_word' id='word_1_123' title='bbox 1610 2257 1672 2340; x_wconf 81' lang='lat'><strong>³).</strong></span> <span class='ocrx_word' id='word_1_124' title='bbox 1749 2255 1930 2339; x_wconf 80' lang='lat' dir='ltr'><strong>Quin</strong></span> <span class='ocrx_word' id='word_1_125' title='bbox 1968 2257 2174 2321; x_wconf 91' lang='lat' dir='ltr'><strong>etiam</strong></span> <span class='ocrx_word' id='word_1_126' title='bbox 2196 2256 2648 2321; x_wconf 91' lang='lat' dir='ltr'><strong>Demostheni</strong></span> 
     </span>
     <span class='ocr_line' id='line_1_18' title="bbox 454 2366 2649 2458; baseline -0.001 -18"><span class='ocrx_word' id='word_1_127' title='bbox 454 2366 871 2458; x_wconf 86' lang='lat' dir='ltr'><strong>exprobrare</strong></span> <span class='ocrx_word' id='word_1_128' title='bbox 933 2376 1140 2439; x_wconf 95' lang='lat' dir='ltr'><strong>audet</strong></span> <span class='ocrx_word' id='word_1_129' title='bbox 1202 2375 1386 2458; x_wconf 93' lang='lat' dir='ltr'><strong>quod</strong></span> <span class='ocrx_word' id='word_1_130' title='bbox 1443 2382 1731 2437; x_wconf 86' lang='lat' dir='ltr'><strong>eventus</strong></span> <span class='ocrx_word' id='word_1_131' title='bbox 1776 2393 2002 2437; x_wconf 87' lang='lat' dir='ltr'><strong>rerum</strong></span> <span class='ocrx_word' id='word_1_132' title='bbox 2049 2374 2456 2437; x_wconf 87' lang='lat' dir='ltr'><strong>adversariis</strong></span> <span class='ocrx_word' id='word_1_133' title='bbox 2503 2375 2649 2438; x_wconf 90' lang='lat' dir='ltr'><strong>eius</strong></span> 
     </span>
     <span class='ocr_line' id='line_1_19' title="bbox 453 2489 2647 2575; baseline -0.001 -19"><span class='ocrx_word' id='word_1_134' title='bbox 453 2493 922 2575; x_wconf 90' lang='lat' dir='ltr'><strong>providentiae</strong></span> <span class='ocrx_word' id='word_1_135' title='bbox 990 2492 1262 2555; x_wconf 93' lang='lat' dir='ltr'><strong>laudem</strong></span> <span class='ocrx_word' id='word_1_136' title='bbox 1309 2490 1776 2554; x_wconf 89' lang='lat' dir='ltr'><strong>conciliaverit</strong></span> <span class='ocrx_word' id='word_1_137' title='bbox 1812 2489 1889 2573; x_wconf 76' lang='lat'><strong>⁴);</strong></span> <span class='ocrx_word' id='word_1_138' title='bbox 1938 2510 2175 2573; x_wconf 90' lang='lat' dir='ltr'><strong>pugna</strong></span> <span class='ocrx_word' id='word_1_139' title='bbox 2220 2491 2308 2553; x_wconf 95' lang='lat' dir='ltr'><strong>ad</strong></span> <span class='ocrx_word' id='word_1_140' title='bbox 2355 2490 2647 2555; x_wconf 89' lang='lat' dir='ltr'><strong>Chaero-</strong></span> 
     </span>
     <span class='ocr_line' id='line_1_20' title="bbox 454 2604 2648 2672; baseline -0.001 0"><span class='ocrx_word' id='word_1_141' title='bbox 454 2630 656 2672; x_wconf 93' lang='lat' dir='ltr'><strong>neam</strong></span> <span class='ocrx_word' id='word_1_142' title='bbox 726 2609 1087 2672; x_wconf 92' lang='lat' dir='ltr'><strong>commissa</strong></span> <span class='ocrx_word' id='word_1_143' title='bbox 1154 2608 1216 2671; x_wconf 92' lang='lat' dir='ltr'><strong>ei</strong></span> <span class='ocrx_word' id='word_1_144' title='bbox 1279 2627 1417 2670; x_wconf 92' lang='lat' dir='ltr'><strong>non</strong></span> <span class='ocrx_word' id='word_1_145' title='bbox 1478 2615 1584 2670; x_wconf 92' lang='lat' dir='ltr'><strong>est</strong></span> <span class='ocrx_word' id='word_1_146' title='bbox 1642 2604 1795 2669; x_wconf 86' lang='lat' dir='ltr'><strong>finis</strong></span> <span class='ocrx_word' id='word_1_147' title='bbox 1841 2604 2172 2671; x_wconf 85' lang='lat' dir='ltr'><strong>Graeciae</strong></span> <span class='ocrx_word' id='word_1_148' title='bbox 2219 2607 2341 2669; x_wconf 92' lang='lat' dir='ltr'><strong>sed</strong></span> <span class='ocrx_word' id='word_1_149' title='bbox 2384 2607 2648 2670; x_wconf 92' lang='lat' dir='ltr'><strong>initium</strong></span> 
     </span>
     <span class='ocr_line' id='line_1_21' title="bbox 452 2722 2644 2808; baseline -0.001 -20"><span class='ocrx_word' id='word_1_150' title='bbox 452 2726 786 2790; x_wconf 90' lang='lat' dir='ltr'><strong>libertatis</strong></span> <span class='ocrx_word' id='word_1_151' title='bbox 831 2724 1289 2808; x_wconf 90' lang='lat' dir='ltr'><strong>Peloponnesi</strong></span> <span class='ocrx_word' id='word_1_152' title='bbox 1322 2722 1384 2806; x_wconf 81' lang='lat'><strong>⁵).</strong></span> <span class='ocrx_word' id='word_1_153' title='bbox 1453 2723 1862 2787; x_wconf 90' lang='lat' dir='ltr'><strong>Accedebat</strong></span> <span class='ocrx_word' id='word_1_154' title='bbox 1907 2724 2092 2805; x_wconf 91' lang='lat' dir='ltr'><strong>quod</strong></span> <span class='ocrx_word' id='word_1_155' title='bbox 2121 2722 2361 2786; x_wconf 87' lang='lat' dir='ltr'><strong>foedus</strong></span> <span class='ocrx_word' id='word_1_156' title='bbox 2389 2722 2644 2787; x_wconf 92' lang='lat' dir='ltr'><strong>Achai-</strong></span> 
     </span>
     <span class='ocr_line' id='line_1_22' title="bbox 454 2838 2647 2923; baseline -0.001 -19"><span class='ocrx_word' id='word_1_157' title='bbox 454 2862 609 2904; x_wconf 93' lang='lat' dir='ltr'><strong>cum</strong></span> <span class='ocrx_word' id='word_1_158' title='bbox 677 2840 877 2905; x_wconf 85' lang='lat' dir='ltr'><strong>Arati</strong></span> <span class='ocrx_word' id='word_1_159' title='bbox 946 2851 1256 2923; x_wconf 93' lang='lat' dir='ltr'><strong>tempore</strong></span> <span class='ocrx_word' id='word_1_160' title='bbox 1326 2840 1668 2903; x_wconf 88' lang='lat' dir='ltr'><strong>nitebatur</strong></span> <span class='ocrx_word' id='word_1_161' title='bbox 1738 2839 1980 2921; x_wconf 92' lang='lat' dir='ltr'><strong>opibus</strong></span> <span class='ocrx_word' id='word_1_162' title='bbox 2050 2838 2513 2904; x_wconf 89' lang='lat' dir='ltr'><strong>Macedonicis</strong></span> <span class='ocrx_word' id='word_1_163' title='bbox 2576 2849 2647 2903; x_wconf 92' lang='lat' dir='ltr'><strong>et</strong></span> 
     </span>
     <span class='ocr_line' id='line_1_23' title="bbox 451 2930 2641 3041; baseline -0.001 -20"><span class='ocrx_word' id='word_1_164' title='bbox 451 2957 788 3041; x_wconf 88' lang='lat' dir='ltr'><strong>Antigoni</strong></span> <span class='ocrx_word' id='word_1_165' title='bbox 842 2957 1057 3041; x_wconf 90' lang='lat' dir='ltr'><strong>regis;</strong></span> <span class='ocrx_word' id='word_1_166' title='bbox 1115 2978 1199 3020; x_wconf 93' lang='lat' dir='ltr'><strong>eo</strong></span> <span class='ocrx_word' id='word_1_167' title='bbox 1258 2957 1479 3039; x_wconf 91' lang='lat' dir='ltr'><strong>magis</strong></span> <span class='ocrx_word' id='word_1_168' title='bbox 1525 2955 1908 3038; x_wconf 84' lang='lat' dir='ltr'><strong>proditores</strong></span> <span class='ocrx_word' id='word_1_169' title='bbox 1945 2930 2180 3019; x_wconf 30' lang='lat' dir='ltr'><strong>‘dicere</strong></span> <span class='ocrx_word' id='word_1_170' title='bbox 2225 2955 2465 3019; x_wconf 92' lang='lat' dir='ltr'><strong>metuit</strong></span> <span class='ocrx_word' id='word_1_171' title='bbox 2511 2955 2641 3019; x_wconf 92' lang='lat' dir='ltr'><strong>Po-</strong></span> 
     </span>
     <span class='ocr_line' id='line_1_24' title="bbox 378 3054 2640 3156; baseline -0.001 -21"><span class='ocrx_word' id='word_1_172' title='bbox 378 3054 383 3062; x_wconf 33' lang='lat'>·</span> <span class='ocrx_word' id='word_1_173' title='bbox 450 3073 676 3156; x_wconf 88' lang='lat' dir='ltr'><strong>lybius</strong></span> <span class='ocrx_word' id='word_1_174' title='bbox 751 3094 872 3137; x_wconf 93' lang='lat' dir='ltr'><strong>eos</strong></span> <span class='ocrx_word' id='word_1_175' title='bbox 947 3074 1062 3156; x_wconf 91' lang='lat' dir='ltr'><strong>qui</strong></span> <span class='ocrx_word' id='word_1_176' title='bbox 1138 3083 1342 3137; x_wconf 92' lang='lat' dir='ltr'><strong>antea</strong></span> <span class='ocrx_word' id='word_1_177' title='bbox 1416 3072 1877 3136; x_wconf 91' lang='lat' dir='ltr'><strong>Macedonum</strong></span> <span class='ocrx_word' id='word_1_178' title='bbox 1954 3071 2121 3134; x_wconf 92' lang='lat' dir='ltr'><strong>socii</strong></span> <span class='ocrx_word' id='word_1_179' title='bbox 2198 3069 2479 3134; x_wconf 87' lang='lat' dir='ltr'><strong>fuerant.</strong></span> <span class='ocrx_word' id='word_1_180' title='bbox 2556 3108 2640 3115; x_wconf 90' lang='lat'>—</span> 
     </span>
     <span class='ocr_line' id='line_1_25' title="bbox 404 3186 2644 3272; baseline -0.001 -19"><span class='ocrx_word' id='word_1_181' title='bbox 404 3220 410 3225; x_wconf 91' lang='lat'><strong>·</strong></span> <span class='ocrx_word' id='word_1_182' title='bbox 460 3188 1053 3272; x_wconf 77' lang='lat' dir='ltr'><strong>Quemadmodum</strong></span> <span class='ocrx_word' id='word_1_183' title='bbox 1097 3189 1168 3252; x_wconf 91' lang='lat' dir='ltr'><strong>in</strong></span> <span class='ocrx_word' id='word_1_184' title='bbox 1212 3190 1293 3253; x_wconf 91' lang='lat' dir='ltr'><strong>iis</strong></span> <span class='ocrx_word' id='word_1_185' title='bbox 1339 3209 1516 3272; x_wconf 92' lang='lat' dir='ltr'><strong>quae</strong></span> <span class='ocrx_word' id='word_1_186' title='bbox 1563 3189 1650 3252; x_wconf 94' lang='lat' dir='ltr'><strong>de</strong></span> <span class='ocrx_word' id='word_1_187' title='bbox 1696 3186 1991 3252; x_wconf 89' lang='lat' dir='ltr'><strong>Athenis</strong></span> <span class='ocrx_word' id='word_1_188' title='bbox 2038 3196 2109 3250; x_wconf 94' lang='lat' dir='ltr'><strong>et</strong></span> <span class='ocrx_word' id='word_1_189' title='bbox 2149 3186 2644 3251; x_wconf 90' lang='lat' dir='ltr'><strong>Macedonibus</strong></span> 
     </span>
    </p>
   </div>
   <div class='ocr_carea' id='block_1_3' title="bbox 441 3456 2650 4434">
    <p class='ocr_par' dir='ltr' id='par_1_3' title="bbox 443 3456 2650 3736">
     <span class='ocr_line' id='line_1_26' title="bbox 543 3456 2650 3540; baseline -0.001 -21"><span class='ocrx_word' id='word_1_190' title='bbox 543 3459 583 3540; x_wconf 89' lang='lat'><strong>¹)</strong></span> <span class='ocrx_word' id='word_1_191' title='bbox 637 3462 794 3519; x_wconf 92' lang='lat' dir='ltr'><strong>Eum</strong></span> <span class='ocrx_word' id='word_1_192' title='bbox 851 3458 1094 3519; x_wconf 90' lang='lat' dir='ltr'><strong>omnino</strong></span> <span class='ocrx_word' id='word_1_193' title='bbox 1148 3478 1271 3519; x_wconf 91' lang='lat' dir='ltr'><strong>non</strong></span> <span class='ocrx_word' id='word_1_194' title='bbox 1311 3456 1662 3518; x_wconf 85' lang='lat' dir='ltr'><strong>intellexisse</strong></span> <span class='ocrx_word' id='word_1_195' title='bbox 1701 3457 2126 3536; x_wconf 90' lang='lat' dir='ltr'><strong>praestantiam</strong></span> <span class='ocrx_word' id='word_1_196' title='bbox 2169 3456 2426 3518; x_wconf 88' lang='lat' dir='ltr'><strong>civitatis</strong></span> <span class='ocrx_word' id='word_1_197' title='bbox 2467 3459 2650 3518; x_wconf 89' lang='lat' dir='ltr'><strong>Athe-</strong></span> 
     </span>
     <span class='ocr_line' id='line_1_27' title="bbox 443 3556 2649 3636; baseline -0.001 -19"><span class='ocrx_word' id='word_1_198' title='bbox 443 3557 662 3619; x_wconf 88' lang='lat' dir='ltr'><strong>niensis</strong></span> <span class='ocrx_word' id='word_1_199' title='bbox 679 3605 694 3632; x_wconf 90' lang='lat'>,</span> <span class='ocrx_word' id='word_1_200' title='bbox 754 3578 827 3619; x_wconf 93' lang='lat' dir='ltr'><strong>eo</strong></span> <span class='ocrx_word' id='word_1_201' title='bbox 873 3556 1052 3618; x_wconf 88' lang='lat' dir='ltr'><strong>etiam</strong></span> <span class='ocrx_word' id='word_1_202' title='bbox 1092 3558 1384 3636; x_wconf 90' lang='lat' dir='ltr'><strong>probatur</strong></span> <span class='ocrx_word' id='word_1_203' title='bbox 1425 3557 1589 3635; x_wconf 89' lang='lat' dir='ltr'><strong>quod</strong></span> <span class='ocrx_word' id='word_1_204' title='bbox 1631 3556 1884 3635; x_wconf 87' lang='lat' dir='ltr'><strong>despicit</strong></span> <span class='ocrx_word' id='word_1_205' title='bbox 1921 3556 2256 3618; x_wconf 87' lang='lat' dir='ltr'><strong>libertatem</strong></span> <span class='ocrx_word' id='word_1_206' title='bbox 2297 3559 2649 3636; x_wconf 91' lang='lat' dir='ltr'><strong>popularem</strong></span> 
     </span>
     <span class='ocr_line' id='line_1_28' title="bbox 443 3658 1542 3736; baseline -0.001 -19"><span class='ocrx_word' id='word_1_207' title='bbox 443 3660 551 3718; x_wconf 93' lang='lat' dir='ltr'><strong>VI.</strong></span> <span class='ocrx_word' id='word_1_208' title='bbox 597 3678 651 3717; x_wconf 94' lang='lat' dir='ltr'><strong>c.</strong></span> <span class='ocrx_word' id='word_1_209' title='bbox 699 3675 772 3736; x_wconf 86' lang='lat'><strong>57</strong></span> <span class='ocrx_word' id='word_1_210' title='bbox 817 3665 845 3730; x_wconf 66' lang='grc' dir='ltr'><strong>ς</strong></span> <span class='ocrx_word' id='word_1_211' title='bbox 890 3678 945 3735; x_wconf 91' lang='lat'><strong>9.</strong></span> <span class='ocrx_word' id='word_1_212' title='bbox 1031 3658 1152 3718; x_wconf 83' lang='lat' dir='ltr'><strong>cfr.</strong></span> <span class='ocrx_word' id='word_1_213' title='bbox 1196 3659 1303 3716; x_wconf 88' lang='lat' dir='ltr'><strong>VI.</strong></span> <span class='ocrx_word' id='word_1_214' title='bbox 1346 3676 1400 3716; x_wconf 88' lang='lat' dir='ltr'><strong>c.</strong></span> <span class='ocrx_word' id='word_1_215' title='bbox 1446 3678 1542 3731; x_wconf 92' lang='lat'><strong>44.</strong></span> 
     </span>
    </p>

    <p class='ocr_par' dir='ltr' id='par_1_4' title="bbox 528 3757 1079 3839">
     <span class='ocr_line' id='line_1_29' title="bbox 528 3757 1079 3839; baseline 0.002 -23"><span class='ocrx_word' id='word_1_216' title='bbox 528 3757 579 3839; x_wconf 82' lang='lat'><strong>2)</strong></span> <span class='ocrx_word' id='word_1_217' title='bbox 620 3760 726 3817; x_wconf 91' lang='lat' dir='ltr'><strong>VI.</strong></span> <span class='ocrx_word' id='word_1_218' title='bbox 772 3777 825 3816; x_wconf 96' lang='lat' dir='ltr'><strong>c.</strong></span> <span class='ocrx_word' id='word_1_219' title='bbox 872 3778 949 3835; x_wconf 84' lang='lat'><strong>43</strong></span> <span class='ocrx_word' id='word_1_220' title='bbox 991 3777 1079 3835; x_wconf 93' lang='lat' dir='ltr'><strong>sq.</strong></span> 
     </span>
    </p>

    <p class='ocr_par' dir='ltr' id='par_1_5' title="bbox 528 3856 1387 3939">
     <span class='ocr_line' id='line_1_30' title="bbox 528 3856 1387 3939; baseline -0.003 -22"><span class='ocrx_word' id='word_1_221' title='bbox 528 3856 577 3939; x_wconf 83' lang='lat'><strong>3)</strong></span> <span class='ocrx_word' id='word_1_222' title='bbox 618 3859 683 3917; x_wconf 91' lang='lat' dir='ltr'><strong>P.</strong></span> <span class='ocrx_word' id='word_1_223' title='bbox 729 3858 955 3917; x_wconf 87' lang='lat' dir='ltr'><strong>XVIII.</strong></span> <span class='ocrx_word' id='word_1_224' title='bbox 999 3877 1053 3916; x_wconf 93' lang='lat' dir='ltr'><strong>c.</strong></span> <span class='ocrx_word' id='word_1_225' title='bbox 1104 3876 1179 3930; x_wconf 92' lang='lat'><strong>14</strong></span> <span class='ocrx_word' id='word_1_226' title='bbox 1219 3865 1248 3929; x_wconf 64' lang='grc' dir='ltr'><strong>ς</strong></span> <span class='ocrx_word' id='word_1_227' title='bbox 1296 3875 1387 3915; x_wconf 92' lang='lat'><strong>11.</strong></span> 
     </span>
    </p>

    <p class='ocr_par' dir='ltr' id='par_1_6' title="bbox 441 3952 2650 4328">
     <span class='ocr_line' id='line_1_31' title="bbox 526 3952 2650 4038; baseline -0.003 -20"><span class='ocrx_word' id='word_1_228' title='bbox 526 3955 576 4038; x_wconf 77' lang='lat'><strong>4)</strong></span> <span class='ocrx_word' id='word_1_229' title='bbox 618 3956 771 4018; x_wconf 92' lang='lat' dir='ltr'><strong>Ibid.</strong></span> <span class='ocrx_word' id='word_1_230' title='bbox 814 3964 842 4029; x_wconf 69' lang='lat'>5</span> <span class='ocrx_word' id='word_1_231' title='bbox 892 3977 982 4017; x_wconf 84' lang='lat'><strong>12.</strong></span> <span class='ocrx_word' id='word_1_232' title='bbox 1068 3957 1332 4016; x_wconf 88' lang='lat' dir='ltr'><strong>Eventus</strong></span> <span class='ocrx_word' id='word_1_233' title='bbox 1375 3975 1515 4015; x_wconf 89' lang='lat' dir='ltr'><strong>sane</strong></span> <span class='ocrx_word' id='word_1_234' title='bbox 1559 3953 1949 4029; x_wconf 79' lang='lat' dir='ltr'><strong>Demostheni</strong></span> <span class='ocrx_word' id='word_1_235' title='bbox 1994 3963 2053 4013; x_wconf 90' lang='lat' dir='ltr'><strong>et</strong></span> <span class='ocrx_word' id='word_1_236' title='bbox 2087 3952 2337 4013; x_wconf 88' lang='lat' dir='ltr'><strong>Athenis</strong></span> <span class='ocrx_word' id='word_1_237' title='bbox 2365 3952 2650 4012; x_wconf 88' lang='lat' dir='ltr'><strong>adversus</strong></span> 
     </span>
     <span class='ocr_line' id='line_1_32' title="bbox 441 4051 2648 4130; baseline -0.001 -16"><span class='ocrx_word' id='word_1_238' title='bbox 441 4055 551 4115; x_wconf 89' lang='lat' dir='ltr'><strong>fuit</strong></span> <span class='ocrx_word' id='word_1_239' title='bbox 567 4103 582 4130; x_wconf 90' lang='lat'>‚</span> <span class='ocrx_word' id='word_1_240' title='bbox 652 4075 793 4115; x_wconf 92' lang='lat' dir='ltr'><strong>cum</strong></span> <span class='ocrx_word' id='word_1_241' title='bbox 855 4065 944 4117; x_wconf 91' lang='lat' dir='ltr'><strong>tot</strong></span> <span class='ocrx_word' id='word_1_242' title='bbox 1007 4054 1226 4116; x_wconf 88' lang='lat' dir='ltr'><strong>Graeci</strong></span> <span class='ocrx_word' id='word_1_243' title='bbox 1287 4053 1557 4116; x_wconf 90' lang='lat' dir='ltr'><strong>homines</strong></span> <span class='ocrx_word' id='word_1_244' title='bbox 1620 4073 1761 4113; x_wconf 90' lang='lat' dir='ltr'><strong>cum</strong></span> <span class='ocrx_word' id='word_1_245' title='bbox 1815 4051 2093 4130; x_wconf 91' lang='lat' dir='ltr'><strong>Philippo</strong></span> <span class='ocrx_word' id='word_1_246' title='bbox 2154 4052 2434 4112; x_wconf 88' lang='lat' dir='ltr'><strong>facerent.</strong></span> <span class='ocrx_word' id='word_1_247' title='bbox 2531 4052 2648 4112; x_wconf 90' lang='lat' dir='ltr'><strong>Sed</strong></span> 
     </span>
     <span class='ocr_line' id='line_1_33' title="bbox 446 4150 2650 4233; baseline -0.001 -20"><span class='ocrx_word' id='word_1_248' title='bbox 446 4154 723 4233; x_wconf 90' lang='lat' dir='ltr'><strong>numquis</strong></span> <span class='ocrx_word' id='word_1_249' title='bbox 765 4153 964 4215; x_wconf 88' lang='lat' dir='ltr'><strong>dicere</strong></span> <span class='ocrx_word' id='word_1_250' title='bbox 1005 4164 1203 4233; x_wconf 91' lang='lat' dir='ltr'><strong>potest</strong></span> <span class='ocrx_word' id='word_1_251' title='bbox 1247 4153 1436 4231; x_wconf 92' lang='lat' dir='ltr'><strong>qualis</strong></span> <span class='ocrx_word' id='word_1_252' title='bbox 1477 4152 1680 4214; x_wconf 84' lang='lat' dir='ltr'><strong>fuisset</strong></span> <span class='ocrx_word' id='word_1_253' title='bbox 1722 4161 1966 4212; x_wconf 90' lang='lat' dir='ltr'><strong>eventus</strong></span> <span class='ocrx_word' id='word_1_254' title='bbox 1983 4197 1999 4226; x_wconf 89' lang='lat'>‚</span> <span class='ocrx_word' id='word_1_255' title='bbox 2035 4150 2103 4226; x_wconf 90' lang='lat' dir='ltr'><strong>si,</strong></span> <span class='ocrx_word' id='word_1_256' title='bbox 2126 4160 2193 4210; x_wconf 91' lang='lat' dir='ltr'><strong>ut</strong></span> <span class='ocrx_word' id='word_1_257' title='bbox 2215 4150 2650 4211; x_wconf 87' lang='lat' dir='ltr'><strong>Demosthenes</strong></span> 
     </span>
     <span class='ocr_line' id='line_1_34' title="bbox 446 4248 2285 4328; baseline -0.003 -15"><span class='ocrx_word' id='word_1_258' title='bbox 446 4252 631 4314; x_wconf 89' lang='lat' dir='ltr'><strong>voluit</strong></span> <span class='ocrx_word' id='word_1_259' title='bbox 645 4300 659 4328; x_wconf 95' lang='lat'>,</span> <span class='ocrx_word' id='word_1_260' title='bbox 705 4273 910 4314; x_wconf 92' lang='lat' dir='ltr'><strong>omnes</strong></span> <span class='ocrx_word' id='word_1_261' title='bbox 953 4252 1167 4314; x_wconf 91' lang='lat' dir='ltr'><strong>Graeci</strong></span> <span class='ocrx_word' id='word_1_262' title='bbox 1211 4252 1384 4315; x_wconf 89' lang='lat' dir='ltr'><strong>simul</strong></span> <span class='ocrx_word' id='word_1_263' title='bbox 1424 4253 1858 4314; x_wconf 86' lang='lat' dir='ltr'><strong>Macedonibus</strong></span> <span class='ocrx_word' id='word_1_264' title='bbox 1900 4248 2285 4311; x_wconf 86' lang='lat' dir='ltr'><strong>restitissent?</strong></span> 
     </span>
    </p>

    <p class='ocr_par' dir='ltr' id='par_1_7' title="bbox 532 4352 945 4434">
     <span class='ocr_line' id='line_1_35' title="bbox 532 4352 945 4434; baseline 0 -23"><span class='ocrx_word' id='word_1_265' title='bbox 532 4352 583 4434; x_wconf 87' lang='lat'><strong>⁵)</strong></span> <span class='ocrx_word' id='word_1_266' title='bbox 625 4353 777 4413; x_wconf 93' lang='lat' dir='ltr'><strong>Ibid.</strong></span> <span class='ocrx_word' id='word_1_267' title='bbox 820 4360 848 4425; x_wconf 68' lang='lat'><strong>5</strong></span> <span class='ocrx_word' id='word_1_268' title='bbox 890 4356 945 4411; x_wconf 90' lang='lat'><strong>6.</strong></span> 
     </span>
    </p>
   </div>
  </div>
 </body>
</html>
