3375 5084
1861 294 1944 371 98

800 487 1128 568 quasdam
1186 506 1295 548 res
1358 506 1533 567 quae
1581 486 1803 568 magis
1848 486 2156 549 minusve
2203 485 2622 548 conveniant.
2712 483 2794 546 In
2836 483 2993 564 ipsa

799 623 1022 665 rerum
1081 602 1462 665 narratione
1522 603 1655 665 hoc
1719 612 1860 666 tam
1923 600 2198 665 difficile
2260 611 2366 665 est
2382 648 2398 675 ‚
2443 611 2519 664 ut
2565 600 2828 664 etiamsi
2873 600 2998 662 ali-

798 719 960 800 quid
1020 708 1433 782 inveniretur
1491 720 1676 800 quod
1737 719 2133 782 conveniret
2188 729 2418 781 tamen
2463 718 2829 780 admodum
2873 717 2998 778 du-

796 834 983 897 bium
1052 845 1232 899 esset
1303 855 1530 898 annon
1594 837 1681 898 de
1752 836 1993 899 eadem
2061 855 2135 897 re
2197 854 2420 898 sermo
2482 842 2693 908 esset3
2755 834 2876 896 sed
2922 832 3001 894 in

798 960 988 1014 tanto
1058 948 1364 1015 dissensu
1430 951 1673 1035 fugere
1742 972 1879 1015 non
1947 961 2177 1034 potest
2244 971 2458 1014 annos
2527 950 2771 1032 quibus
2839 969 3004 1012 cum

800 1066 1018 1130 Gallis
1092 1077 1472 1150 pugnatum
1540 1068 1628 1131 sit
1696 1067 1883 1131 fere.
1923 1069 2203 1131 eosdem
2270 1069 2361 1129 ab
2429 1076 2716 1148 utroque
2784 1064 3001 1146 scrip-

798 1192 946 1246 tore
1010 1184 1386 1246 memorari.
1479 1184 1720 1265 Itaque
1779 1183 1937 1246 anni
1997 1183 2161 1247 satis
2222 1183 2632 1247 conveniunt
2698 1191 2999 1263 excepto

798 1297 915 1360 illo
981 1318 1158 1360 anno
1208 1304 1331 1379 367
1356 1347 1370 1373 ,
1417 1318 1552 1380 quo
1599 1299 1830 1362 Livius
1883 1300 2152 1382 „plures
2196 1297 2544 1363 auctores''
2588 1307 2858 1361 secutus
2905 1295 3006 1379 (id

799 1423 934 1488 est,
980 1424 1057 1477 ut
1100 1414 1392 1491 videtur,
1439 1415 1576 1477 duo
1621 1414 1739 1477 vel
1781 1424 1920 1478 tres
1965 1414 2398 1496 recentiores)
2428 1423 2807 1497 pugnatum
2842 1433 3003 1474 esse

797 1530 1021 1594 tradit.
1111 1529 1231 1594 Ad
1299 1551 1455 1594 eum
1516 1552 1767 1594 annum
1829 1530 2151 1596 Claudius
2212 1552 2519 1615 pugnam
2578 1529 2817 1593 Manlii
2877 1530 3003 1591 ad-

797 1657 1119 1729 posuerat
1164 1647 1259 1731 (L.
1306 1647 1426 1711 VI.
1474 1668 1529 1712 c.
1579 1647 1713 1730 42),
1760 1658 1831 1711 et
1878 1670 1920 1712 a
1966 1647 2252 1713 Claudio
2297 1649 2589 1731 primum
2632 1647 2744 1710 hic
2778 1666 3003 1709 annus

799 1763 868 1825 in
930 1784 1084 1826 eum
1145 1784 1498 1828 recensum
1561 1785 1891 1828 annorum
1951 1765 2247 1829 intrusus
2293 1786 2444 1829 esse
2491 1765 2790 1839 videtur,
2837 1784 3005 1826 cum

798 1881 1208 1944 recentiores
1290 1902 1595 1965 pugnam
1666 1883 1943 1964 quidem
2012 1883 2252 1946 Manlii
2318 1883 2475 1946 inde
2543 1881 2956 1945 removerint
2987 1930 3004 1956 ‚

799 1997 922 2058 sed
968 2006 1197 2060 tamen
1241 2007 1403 2061 tunc
1448 2008 1831 2081 pugnatum
1879 2019 2029 2062 esse
2077 1999 2430 2062 voluerint.
2524 1996 2666 2061 Sed
2713 2017 2867 2060 cum
2905 1998 3006 2059 ab

802 2132 886 2175 eo
934 2133 1110 2175 anno
1158 2113 1576 2191 discesseriS,
1623 2115 1866 2197 reliqui
1911 2116 2043 2178 hoc
2090 2116 2296 2179 modo
2344 2113 2661 2197 componi
2682 2122 3002 2195 possunt,

800 2238 874 2291 ut
942 2229 1218 2291 easdem
1287 2230 1761 2311 expeditiones
1831 2231 2127 2314 Polybio
2196 2241 2267 2294 et
2333 2230 2532 2294 Livio
2598 2231 3009 2295 obversatas

803 2364 953 2408 esse
1001 2365 1137 2407 non
1181 2345 1576 2410 incredibile
1622 2347 1741 2422 sit;

800 2460 875 2525 P.
929 2460 978 2523 Ι.
1029 2482 1084 2524 c.
1135 2467 1173 2524 6
1222 2466 1252 2538 ἓ
1310 2484 1331 2524 1
1388 2482 1484 2544 sq.
1530 2463 1766 2526 Roma
1811 2473 2032 2546 capta.
2844 2456 3005 2529 38¹7

798 2577 873 2640 Ρ.
924 2577 1008 2640 ΙΙ.
1058 2599 1112 2641 c.
1171 2584 1244 2641 18
1294 2583 1324 2655 ἓ
1375 2585 1432 2643 6.
1478 2579 1648 2642 Post
1695 2599 1908 2643 annos
1957 2602 2040 2659 30
2080 2577 2657 2666 (παραγενομένων
2707 2584 2794 2655 εἷς

1468 2693 1744 2782 Ἀλβαν
1781 2696 1817 2779 ¹)
1865 2698 1993 2761 ἔτει
2043 2696 2428 2781 τριακοστῷ)
2842 2690 2999 2761 358

799 2809 969 2873 Ibid.
1017 2817 1048 2887 ἓ
1101 2832 1132 2892 7
1184 2812 1260 2874 Ρ.
1308 2833 1366 2875 a.
1424 2835 1494 2875 12
1548 2813 1698 2897 (ἔτει
1748 2811 2126 2896 δωδεκάτῳ,
2176 2813 2344 2897 fuga
2390 2812 2765 2895 Gallorum)
2843 2808 3001 2878 346

798 2927 969 2989 Ibid.
1017 2932 1047 3003 ἓ
1097 2950 1134 3006 9
1182 2928 1259 2991 P.
1308 2948 1366 2991 a.
1410 2951 1483 3007 13
1520 2939 1592 2992 et
1625 2950 1710 3008 30
1743 2929 2193 3013 (τριακαίδεκα
2227 2933 2340 3012 ἔτη
2368 2935 2486 3013 τὴν
2517 2933 2795 3015 ἡσυχίαν

1016 3050 1021 3054 ’
1331 3128 1334 3131 .
1409 3047 1602 3130 ἔσχον
1638 3083 1723 3092 -
1755 3048 1916 3128 μετὰ
1951 3044 2020 3110 δὲ
2052 3054 2257 3113 ταῦτα
2287 3048 2544 3128 εἰρήνην
2576 3047 2794 3120 ἐποιή-

1409 3186 1609 3228 σαντο
1631 3158 1812 3247 -’(ο.
1843 3162 1966 3243 1ᾳὲ
1995 3162 2047 3246 1)
2067 3164 2134 3227 ἐν
2165 3157 2271 3238 αἶς
2299 3166 2413 3246 ἔτη
2439 3167 2797 3247 τριάκοντα
2844 3158 2999 3229 333

1404 3279 1792 3361 μείναντες,
1859 3272 2058 3356 αὖθις
2121 3279 2475 3364 γενομένου
2530 3287 2798 3364 κινήμα-

1411 3420 1518 3470 τος
1578 3434 1680 3460 --.
1776 3397 1947 3461 Cum
1991 3396 2294 3461 Etruscis
2341 3398 2794 3461 incursionem

1408 3511 1664 3577 faciunt
1709 3514 1778 3576 in
1824 3534 2070 3597 agrum
2114 3513 2536 3609 Romanum)
2843 3506 3000 3579 303

890 3737 932 3819 ¹)
992 3740 1065 3797 In
1121 3740 1238 3799 hoc
1290 3739 1574 3817 temporis
1630 3738 2003 3801 intervallum
2059 3741 2285 3800 cadunt
2301 3786 2316 3815 ‚
2370 3749 2436 3800 ut
2478 3737 2703 3818 primus
2744 3737 2892 3798 vidit
2933 3740 3004 3797 B.

798 3837 972 3898 Niese
1014 3837 1074 3918 (l.
1117 3840 1156 3897 1.
1199 3860 1258 3917 p.
1304 3836 1447 3919 409)
1490 3838 1753 3916 quinque
1794 3839 1933 3899 anni
1975 3838 2318 3900 consulibus
2347 3837 2657 3916 eponymis
2698 3846 2973 3897 carentes
2990 3884 3006 3913 ,

797 3940 876 3998 ad
919 3938 1130 3999 seriem
1172 3957 1465 3999 annorum
1507 3938 1906 3999 ordinandam
1947 3958 1985 3999 a
2025 3938 2424 4017 Scriptoribus
2463 3936 2754 3999 Romanis
2784 3935 3008 4013 iniecti,

799 4037 875 4097 de
938 4037 1153 4115 quibus
1214 4039 1319 4098 cst.
1384 4039 1725 4098 Mommsen
1780 4040 1855 4098 R.
1921 4039 2062 4098 Chr.
2114 4059 2174 4116 p„
2222 4059 2340 4112 204
2393 4049 2454 4098 et
2497 4058 2632 4115 209.
2717 4036 2901 4111 Quod
2943 4036 3009 4095 in

799 4136 966 4196 annis
1022 4157 1256 4216 pugnae
1312 4137 1391 4197 ad
1433 4137 1742 4197 Sentinum
1786 4149 1986 4217 gestae
2028 4148 2089 4198 et
2128 4137 2189 4197 in
2231 4137 2469 4215 reliquis
2510 4135 2835 4199 concinunt
2876 4137 3008 4196 Pol.

802 4244 860 4294 et
902 4235 1049 4311 Liv.‚
1093 4237 1462 4297 demonstrat
1511 4236 1827 4310 Polybium
1869 4257 1972 4299 eos
2014 4236 2191 4298 etiarn
2232 4257 2546 4298 numerare
2563 4284 2579 4313 ,
2621 4236 2824 4313 itaque
2867 4256 3010 4295 eum

802 4334 966 4411 sequi
1006 4339 1242 4397 annales
1283 4339 1608 4397 Romanos,
