3375 5084
1395 363 1511 420 105

364 545 892 599 consentaneum
953 545 1059 598 est
1101 536 1288 619 quod
1338 537 1692 600 contendit
1739 538 1807 599 in
1854 536 2134 601 foedere
2184 536 2362 601 cum'
2384 537 2560 600 Has-

359 652 643 714 drubale
689 650 873 715 facto
920 652 1227 715 additum
1270 652 1477 715 fuisse
1523 662 1599 716 ut
1645 651 2048 735 Saguntinis
2089 655 2561 729 abstineretur,

358 769 541 849 quod
601 769 731 831 nisi
792 769 1094 832 additum
1152 769 1424 845 fuisset,
1482 771 1908 853 oppugnatio
1956 768 2254 853 Sagunti
2301 791 2393 833 ex
2436 771 2557 833 illo

355 883 632 948 foedere
680 906 955 949 causam
1001 887 1168 950 belli
1213 888 1547 969 praebere
1593 907 1732 949 non
1781 875 2117 968 potuisset
2163 886 2215 968 ¹).
2253 925 2335 932 -
2370 886 2553 968 Quid

357 1001 487 1064 hac
556 1003 644 1064 de
713 1022 788 1065 re
851 1002 1138 1065 senserit
1197 1003 1531 1084 Polybius
1550 1051 1567 1077 ‚
1633 1002 1804 1066 locis
1868 1003 2139 1067 collatis
2186 1003 2561 1086 apparebit.

355 1117 432 1180 P.
495 1117 617 1181 III.
682 1139 737 1182 c.
810 1141 886 1196 14
948 1124 978 1196 5
1029 1140 1101 1198 9:
1161 1105 1253 1183 ὧν
1305 1118 1733 1205 ἡττηθέντων
1783 1117 1993 1194 οὐδεὶς
2043 1122 2139 1186 ἔτι
2189 1126 2322 1186 τῶν
2377 1122 2559 1194 ἐντὸς

357 1230 628 1318 ’Ἴβηρος
694 1246 987 1317 ποταμοῦ
1051 1232 1286 1320 ῥᾳδίως
1353 1240 1510 1318 πρὸς
1571 1238 1807 1309 αὐτούς
1857 1236 2401 1321 (Καρχηδονίους)
2448 1236 2562 1300 οἷν-
2637 1292 2640 1297 .

355 1349 769 1434 τοφθαλμεῒν
852 1346 1090 1432 ἐτόλμα
1169 1347 1342 1434 πλὴν
1415 1356 1897 1417 Ζακανθαίων.
2018 1350 2409 1435 Saguntum
2477 1374 2568 1416 ex

357 1465 491 1527 hoc
539 1466 697 1528 loco
742 1475 849 1529 est
892 1466 963 1528 in
1004 1476 1200 1548 parte
1247 1467 1671 1530 meridionali
1718 1467 1962 1530 Hiberi
2010 1467 2320 1532 fluminis
2388 1468 2561 1532 Con-

355 1581 547 1643 venit
608 1581 783 1644 alius
843 1583 1035 1646 locus
1094 1582 1216 1645 III.
1289 1603 1362 1663 17
1431 1588 1462 1660 5
1537 1604 1606 1645 2:
1668 1592 1711 1666 η’
1775 1580 1843 1645 δὲ
1896 1579 2085 1658 πολις
2135 1585 2302 1665 αὕτη
2352 1591 2564 1649 κεῖται

354 1696 476 1779 μὲν
526 1697 640 1761 ἐπί
685 1707 774 1783 τῷ
828 1700 984 1780 πρὸς
1018 1696 1368 1767 θάλατταν
1404 1705 1774 1781 καθήκοντι
1817 1697 2098 1784 πρόποδι
2126 1707 2238 1781 τῆς
2265 1699 2564 1786 Ἰβηρίας

354 1815 466 1878 καὶ
515 1812 992 1899 Κελτιβηρίας,
1040 1814 1268 1901 οἷπὲχει
1322 1816 1390 1881 δὲ
1441 1827 1552 1901 τῆς
1605 1813 1946 1899 θαλάττης
1994 1820 2078 1891 ὠς
2110 1821 2276 1882 ἑπτὰ
2302 1817 2560 1883 στάδια.

443 1929 720 1993 Foedus
767 1950 921 1993 cum
967 1930 1405 1994 Hasdrubale
1445 1931 1703 1997 factum
1734 1952 1945 2015 saepe
1979 1934 2167 2014 apud
2189 1932 2559 2014 Polybium

353 2045 642 2108 recurrit
700 2045 806 2108 his
866 2046 1128 2109 verbis:
1173 2050 1307 2114 ’τὸν
1375 2044 1622 2133 ’Ἴβηρα
1682 2052 1975 2129 ποταμὸν
2023 2054 2106 2130 μὴ
2160 2045 2558 2132 διαβαίνειν.

354 2161 442 2224 Π.
501 2183 573 2240 13
625 2166 655 2238 5
710 2181 779 2241 7:
828 2169 974 2245 τὴν
1025 2167 1174 2246 μὲν
1223 2160 1497 2246 ἄλλην
1549 2163 1944 2250 Ἰβηρίαν
1990 2166 2557 2248 παρεσιώπων

349 2492 799 2573 opulentissima
859 2497 1026 2556 ultra
1090 2497 1386 2556 Hiberum
1450 2496 1589 2572 fuit,
1654 2496 1770 2557 sita
1822 2516 2031 2575 passus
2089 2497 2246 2557 mille
2295 2498 2479 2558 ferme
2531 2517 2568 2556 a

346 2614 519 2654 man
527 2596 561 2618 ’⁹
624 2594 751 2655 Liv.
795 2597 988 2656 XXII.
1032 2616 1086 2656 c.
1133 2617 1205 2655 22
1249 2604 1277 2668 5
1323 2616 1362 2670 4
1404 2594 1528 2677 (cfr.
1576 2595 1677 2656 alii
1717 2596 1991 2658 locilibr.
2025 2599 2247 2672 XXIV,
2278 2598 2565 2670 XXVIII,

347 2692 594 2776 passim)
650 2693 850 2773 Scipio
906 2695 1202 2757 Hiberum
1259 2694 1455 2755 traicit
1510 2705 1570 2756 et
1627 2695 1959 2775 Saguntum
2014 2696 2098 2756 ire
2146 2694 2372 2773 pergit;
2416 2702 2444 2766 5
2492 2714 2559 2753 11

346 2796 429 2852 cis
473 2794 769 2854 Hiberum
813 2792 914 2873 <de
953 2794 1192 2876 Poenis)
1234 2784 1431 2855 castra
1471 2796 1752 2855 Romana
1792 2815 1920 2856 esse
1961 2794 2061 2855 ait

442 2892 486 2974 ¹)
527 2892 653 2953 Liv.
697 2895 861 2954 XXI.
906 2914 960 2954 c.
1009 2915 1040 2954 2
1085 2902 1113 2966 5
1160 2911 1224 2970 7.
1271 2904 1377 2971 „ut
1417 2894 1548 2955 finis
1590 2893 1896 2972 utriusque
1936 2893 2170 2972 imperii
2202 2903 2353 2954 esset
2376 2893 2566 2953 amnis

348 2993 616 3054 Hiberus
632 3038 646 3067 ,
691 2993 1148 3073 Saguntinisque
1190 2994 1401 3057 mediis
1441 2980 1594 3054 inter
1635 2993 1887 3072 imperia
1916 2994 2174 3055 duorum
2203 2995 2565 3072 populorum

345 3091 592 3154 libertas
654 3093 1046 3154 servaretur.”
1129 3094 1291 3154 XXI.
1357 3113 1412 3153 c.
1477 3095 1555 3167 46
1622 3076 1676 3166 5¹
1715 3096 1784 3153 6:
1850 3092 2157 3154 Hannibal
2211 3092 2290 3152 ad
2350 3091 2568 3152 milites

344 3189 535 3252 verba
592 3190 813 3252 faciens
876 3190 1022 3252 illud
1071 3191 1288 3253 foedus
1345 3202 1641 3253 memorat
1694 3191 1785 3252 his
1837 3191 2066 3252 verbis:
2111 3211 2226 3269 „ne
2267 3190 2566 3252 transieris

348 3289 679 3357 Hiberum!
741 3308 817 3349 ne
871 3288 1018 3368 quid
1079 3289 1163 3352 rei
1204 3290 1312 3352 tibi
1355 3289 1428 3351 sit
1469 3311 1609 3351 cum
1651 3289 1993 3370 Saguntinis
2012 3292 2066 3349 1⁹⁹
2112 3301 2215 3369 „at
2257 3293 2339 3350 cis
2379 3290 2566 3352 Hibe-

346 3409 485 3450 rum
542 3399 631 3449 est
685 3389 1016 3468 Saguntum
1072 3387 1261 3471 (aiunt
1304 3388 1552 3471 Poeni)'’
1598 3408 1934 3467 „nusquam
1979 3399 2038 3449 te
2081 3389 2325 3470 vestigio
2368 3408 2567 3451 move—

348 3489 489 3550 riS.”
574 3489 689 3550 His
749 3489 893 3550 locis
956 3490 1243 3550 refutatur
1305 3488 1574 3551 Niebuhr
1628 3489 1856 3571 (Vortr.
1921 3490 2014 3549 ed.
2073 3490 2218 3551 Isler
2281 3492 2430 3565 1847
2486 3492 2566 3548 H.

219 3644 224 3649 .
348 3610 406 3667 p.
466 3588 601 3670 68):
674 3589 754 3650 So
795 3587 1153 3651 vortrefflich
1195 3586 1258 3647 P.
1303 3589 1386 3648 im
1428 3588 1818 3668 allgemeinen
1859 3588 1962 3664 ist,
2008 3608 2074 3650 so
2115 3589 2259 3649 fehlt
2300 3608 2363 3649 er
2406 3588 2565 3650 doch

349 3688 635 3748 zuweilen
699 3688 760 3748 in
820 3684 1143 3757 Einzelnen
1155 3710 1174 3763 ,-
1238 3707 1301 3748 er
1355 3689 1521 3748 hatte
1575 3688 1733 3748 seine
1783 3689 2017 3748 Bucher
2060 3698 2256 3749 zuerst
2295 3687 2385 3748 bis
2428 3708 2565 3747 zum

352 3787 729 3866 perscischen
793 3787 1016 3867 Kriege
1072 3788 1553 3866 herausgegeben
1574 3833 1587 3858 ,
1647 3787 1780 3849 eine
1836 3786 2039 3848 zweite
2094 3788 2376 3866 Ausgabe
2425 3786 2565 3866 ging

353 3887 443 3949 bis
500 3908 606 3947 zur
659 3886 990 3948 Einnahme
1045 3900 1166 3949 von
1218 3886 1469 3948 Corinth
1485 3933 1498 3959 ,
1541 3907 1685 3947 man
1726 3888 1887 3949 kann
1927 3889 2071 3949 aber
2112 3889 2240 3947 klar
2283 3888 2565 3966 darlegen

355 3988 499 4047 dasz
555 4006 618 4047 er
668 3986 764 4047 die
807 3997 1002 4047 ersten
1044 3987 1278 4047 Bucher
1319 3986 1380 4046 in
1421 3987 1529 4047 der
1570 3987 1817 4047 zweiten
1859 3989 2143 4066 Ausgabe
2185 3986 2351 4048 nicht
2390 3987 2563 4053 uber-

356 4085 607 4146 arbeitet
667 4086 771 4145 hat
787 4133 802 4161 ,
867 4087 992 4147 und
1047 4106 1110 4148 es
1165 4086 1240 4147 i'st
1290 4087 1555 4148 offenbar
1597 4088 1739 4147 dasz
1782 4107 1846 4148 er
1888 4086 1985 4147 die
2028 4085 2404 4165 Geographie
2421 4126 2424 4131 -
2444 4106 2563 4148 von

357 4184 617 4263 Spanien
672 4185 911 4246 damals*
949 4206 1055 4264 gar
1096 4185 1261 4245 nicht
1301 4187 1523 4247 kannte
1539 4234 1554 4262 ,
1596 4188 1811 4249 hochst
1853 4185 2333 4246 wahrscheinlich
2374 4187 2563 4247 stellte

359 4303 424 4343 er
466 4283 591 4343 sich
632 4303 740 4344 vor
781 4284 888 4344 wie
930 4304 993 4346 es
1034 4285 1130 4346 bei
1170 4285 1370 4346 Livius
1412 4287 1677 4347 offenbar
1717 4286 1791 4346 ist
1833 4284 1908 4367 (Ρ)
1926 4333 1941 4361 ,
1983 4286 2209 4364 Sagunt
2249 4286 2404 4347 habe
2444 4296 2560 4346 ost-

357 4382 477 4443 lich
515 4403 655 4444 vom
697 4385 861 4445 Ebro
901 4385 1207 4463 gelegen’'.
