3375 5084
1385 334 1495 392 151

347 530 488 572 rem
553 509 914 590 aliquoties
976 508 1121 572 eius
1184 507 1345 572 fidei
1405 509 1779 590 praevertit
1841 510 2127 572 aliorum
2163 510 2237 592 ¹);
2303 530 2534 592 quam-

346 646 546 707 quam
610 626 1287 689 animadvertendum
1348 635 1452 689 est
1469 675 1483 701 ,
1547 624 1994 690 Plutarchum
2053 627 2182 690 hac
2244 626 2313 688 in
2371 647 2445 689 re
2494 647 2535 689 a

346 741 639 824 Polybio
700 742 1027 805 monitum
1083 742 1329 825 egisse.
1422 740 1564 806 Sed
1610 742 1796 804 aliud
1845 752 1948 805 est
1993 743 2330 806 rhetorice
2376 743 2533 806 scri-

340 859 504 920 bere
565 867 635 921 et
690 858 917 940 inique
964 858 1266 921 iudicare
1285 907 1299 933 ,
1348 858 1535 921 aliud
1580 879 1690 921 res
1737 859 1919 939 ipsas
1966 868 2416 940 contorquere
2465 868 2535 922 et
2586 904 2591 909 -

340 970 620 1055 fingere.
685 971 1015 1055 Polybius
1059 972 1451 1055 Phylarcho
1498 972 1754 1036 fraudis
1787 974 2064 1037 crimine
2097 984 2420 1038 accusato
2459 973 2503 1055 2)
2518 1023 2534 1052 ,

341 1090 475 1153 hoc
523 1088 776 1153 crimen
823 1090 1026 1152 certis
1073 1089 1493 1172 argumentis
1541 1089 1941 1154 confirmare
1987 1110 2122 1154 non
2168 1090 2423 1172 potuit3
2466 1090 2537 1152 in

344 1226 501 1269 eum
572 1226 843 1289 quoque
860 1255 875 1282 ‚
946 1215 1024 1269 ut
1089 1207 1158 1268 in
1229 1206 1400 1269 alios
1468 1207 1645 1270 solet
1661 1255 1676 1282 ,
1749 1207 1966 1270 multo
2033 1206 2231 1269 nimis
2292 1206 2538 1270 acriter

344 1321 655 1385 invectus
738 1331 859 1385 est.
974 1320 1151 1385 Nam
1226 1341 1405 1404 quae
1482 1323 1571 1384 ad
1647 1321 2094 1385 refellendam
2167 1322 2538 1405 Phylarchi

340 1434 551 1500 fidem
610 1420 954 1520 Polybius·
1001 1436 1199 1501 affert
1245 1438 1349 1521 (ΙΙ.
1401 1459 1456 1501 c.
1508 1438 1793 1520 65—64)
1839 1436 2151 1502 sufficere
2195 1459 2333 1502 non
2377 1459 2542 1521 pos--

338 1563 499 1617 sunt
543 1563 618 1616 ut
662 1552 797 1617 fide
844 1554 1199 1638 indignum
1246 1564 1317 1618 et
1362 1554 1669 1637 ineptum
1716 1555 2116 1636 scriptorem
2149 1575 2305 1618 eum
2328 1553 2535 1618 fuisse

328 1670 756 1734 'censeamus
876 1671 1350 1735 Narrationem
1427 1672 1642 1736 cladis
1718 1672 2110 1735 Mantineae
2186 1672 2372 1735 urbis
2447 1672 2534 1734 ab

333 1785 695 1869 Antigono
758 1796 829 1850 et
890 1785 1195 1851 Achaeis
1256 1797 1500 1870 captae
1518 1836 1534 1864 ‚
1590 1788 1837 1852 vividis
1893 1788 2234 1851 coloribus
2279 1787 2534 1870 pictam

334 1903 623 1967 dederat
668 1902 1094 1987 Phylarchus
1140 1905 1307 1987 (Pol.
1355 1905 1441 1969 Π.
1492 1925 1572 1986 57
1623 1910 1654 1982 5
1709 1905 1795 1987 7);
1845 1926 2000 1969 eum
2045 1906 2222 1968 hanc
2267 1923 2413 1968 rem
2445 1906 2533 1968 de

333 2040 463 2082 suo
509 2018 788 2084 finxisse
838 2031 907 2084 et
951 2022 1310 2085 mentitum
1357 2043 1508 2086 esse
1555 2019 1818 2108 (ψεῦδος
1871 2025 2188 2104 εἷςήνεγκε
2238 2023 2310 2085 τὸ
2339 2014 2533 2104 ὅλον),

333 2155 749 2218 quamquam
809 2136 1097 2201 fortasse
1145 2137 1415 2202 cladem
1460 2139 1883 2220 aliquantum
1928 2138 2120 2201 auxit
2140 2187 2155 2214 ,
2199 2158 2533 2220 nusquam

333 2262 650 2333 apparet3
721 2254 967 2317 deinde
1030 2255 1688 2318 commiserationem
1706 2304 1721 2331 ‚
1781 2275 1917 2337 qua
1972 2254 2239 2318 cladem
2284 2255 2530 2318 Manti-

330 2388 509 2430 neae
528 2416 542 2443 ,
591 2369 774 2433 urbis
820 2368 1164 2434 Arcadiae
1212 2370 1552 2433 maximae
1600 2380 1671 2434 et
1716 2370 2221 2452 antiquissimae
2237 2418 2254 2445 ,
2294 2370 2531 2452 deplo-

327 2494 441 2548 ret
499 2484 963 2570 Phylarchus,
1030 2489 1205 2551 adeo
1267 2487 1543 2551 nimiam
1605 2497 1690 2551 et‘
1729 2487 2032 2569 ineptam
2077 2506 2227 2549 esse
2245 2535 2260 2562 ,
2306 2506 2529 2568 neque

328 2601 480 2663 ulla
548 2602 1008 2666 misericordia
1068 2604 1315 2686 dignos
1375 2602 1583 2667 fuisse
1648 2603 1834 2667 cives
1894 2602 2287 2665 Mantineae
2305 2650 2321 2676 ‚
2370 2602 2529 2684 quia

327 2717 569 2800 paullo
660 2727 819 2781 ante
894 2717 1135 2782 foedus
1212 2739 1369 2783 cum
1446 2717 1750 2782 Achaeis
1825 2717 2081 2782 factum
2155 2718 2495 2800 rupissent
2513 2766 2528 2793 ,

328 2832 628 2915 Polybio
676 2835 1054 2899 concedere
1099 2856 1236 2899 non
1265 2856 1644 2919 possumus,
1699 2836 1810 2899 De
1842 2857 2012 2899 nece
2038 2833 2528 2909 Aristomachi,

327 2948 756 3032 Argivorum
842 2952 1137 3033 tyranni,
1223 2972 1399 3035 quae
1475 2953 1840 3035 scripserat
1907 2952 2029 3014 Ph.
2048 3000 2063 3027 ‚
2132 2949 2306 3013 falsa
2377 2970 2528 3013 esse

327 3065 607 3129 minime
679 3068 1089 3132 contendere
1157 3070 1380 3151 potuit
1441 3069 1773 3152 Polybius
1831 3068 1937 3152 (II.
2001 3073 2086 3132 60
2148 3073 2179 3145 5
2244 3066 2333 3150 7),
2405 3067 2528 3130 sed

329 3180 892 3247 Aristomachum
936 3185 1148 3248 iustas
1191 3205 1451 3268 poenas
1497 3186 1767 3249 dedisse
1814 3185 2161 3249 contendit
2176 3232 2191 3258 ,
2240 3193 2310 3247 et
2355 3183 2524 3245 iudi-

330 3298 511 3361 cium
558 3299 927 3382 Phylarchi
973 3301 1219 3365 acriter
1262 3302 1638 3386 impugnat,
1708 3301 1951 3385 Neque
1998 3302 2213 3364 multo
2245 3300 2529 3383 gravius-

328 3415 499 3478 mihi
560 3417 831 3480 videtur
894 3419 1079 3500 quod
1124 3419 1448 3502 deinceps
1494 3420 1751 3485 crimen
1795 3419 2186 3502 Phylarcho
2232 3418 2553 3500 irnputat·

324 3678 401 3733 ὑπ
452 3670 699 3747 ἐὐνοίας,
740 3678 828 3734 καὶ
867 3680 1111 3754 καθάπερ
1148 3679 1199 3734 ἐν
1238 3678 1354 3758 δίκῃ
1396 3687 1458 3760 τῇ
1495 3680 1702 3756 ἱστορίᾳ
1736 3687 1810 3756 τῷ
1840 3679 1931 3756 μὲν
1970 3678 2243 3736 ἀντιδικῶν
2281 3676 2524 3744 διατελεῖ,

326 3770 400 3848 τῷ
440 3773 499 3831 δὲ
536 3778 911 3852 συναγορεύων.

423 3865 464 3947 ¹)
517 3868 730 3928 Them.
791 3890 865 3946 32
925 3876 1198 3952 Φύλαρχος
1252 3877 1421 3951 ὥσπερ
1476 3877 1526 3932 ἐν
1582 3876 1855 3953 τραγωὸίᾳ
1908 3885 1969 3950 τῇ
2018 3877 2221 3951 ἱστορίᾳ
2266 3873 2420 3949 μόνον
2470 3876 2528 3928 οὐ

325 3975 572 4050 μηχανὴν
609 3971 739 4049 ἄρας
775 3975 862 4029 καὶ
900 3976 1218 4050 προαγαγὼν
1256 3975 1513 4031 Νικοκλέα
1548 3974 1665 4030 τινὰ
1704 3974 1792 4031 καὶ
1833 3974 2159 4050 Δημόπολιν,
2198 3970 2340 4034 ὑιοὺς
2368 3981 2525 4047 Θεμι-

328 4073 625 4141 στοκλέους,
667 4073 848 4148 ἀγῶνα
879 4072 1129 4147 βούλεται
1166 4079 1320 4130 κινεῖν
1356 4073 1445 4129 καὶ
1485 4076 1660 4137 πάθος
1692 4070 1719 4128 ὃ
1747 4066 1857 4128 οὐδ’
1884 4070 1947 4127 ἄν
1976 4071 2002 4127 ὃ
2030 4072 2203 4148 τυχὼν
2229 4073 2526 4146 ἀγνοήσειεν

326 4171 409 4228 ὅτι
444 4171 762 4228 πέπλασται.

414 4262 465 4346 2)
521 4265 645 4324 Pol.
705 4265 781 4324 II.
826 4284 878 4324 c.
927 4266 999 4341 58
1043 4272 1071 4336 ἓ
1118 4284 1188 4323 12
1235 4268 1261 4325 ὃ
1300 4269 1620 4346 συγγραφεὺς
1655 4271 1818 4332 αὐτῆς
1852 4275 1946 4332 τῆς
1979 4271 2239 4342 τερατείας
2273 4270 2428 4343 χάριν
2466 4270 2525 4327 οὐ

326 4371 481 4447 μόνος
516 4369 703 4446 ψεῦδος
738 4371 988 4446 εὶςήνεγκε
1024 4367 1083 4425 τὸ
1119 4369 1236 4425 ὅλον
1257 4412 1272 4438 ,
1313 4367 1451 4425 ἀλλὰ
1487 4366 1546 4426 τὸ
1582 4367 1769 4443 ψεῦδος
1805 4368 2091 4427 ἀπίθανον,
