3375 5084
1433 348 1516 405 49

380 539 516 600 quo
585 519 895 602 intellegi
913 568 927 594 ‚
998 520 1207 602 regiis
1276 520 1466 582 annis
1536 521 1975 584 dinumeratis
1993 570 2007 596 ‚
2071 532 2300 602 potest
2317 571 2331 597 ‚
2394 542 2571 586 anno

379 633 521 697 fere
593 628 962 698 centesimo
1029 645 1099 698 et
1160 636 1685 718 quadragesimo
1748 647 1905 717 post
1966 647 2253 700 mortem
2306 639 2571 702 Numae

379 751 671 830 primum
728 751 995 813 Italiam
1040 751 1510 834 Pythagoram
1558 753 1904 835 attigisse;
1952 773 2175 835 neque
2219 754 2351 817 hoc
2396 755 2573 818 inter

379 887 500 929 eos
547 867 662 948 qui
707 867 1226 950 diligentissime
1273 869 1613 948 persecuti
1659 878 1817 931 sunt
1845 878 2229 949 temporum
2261 870 2540 933 annales
2556 920 2570 946 ‚

376 982 522 1044 ulla
586 993 690 1050 est
749 1003 1045 1065 unquam
1109 984 1178 1046 in
1224 984 1643 1048 dubitatione
1692 985 2085 1049 versatum.''
2175 985 2410 1048 Verba
2455 1008 2573 1050 ex-

379 1109 599 1161 trema
658 1099 1024 1182 Polybium
1083 1100 1449 1183 designant
1512 1101 1620 1163 cui
1666 1102 2015 1182 superiore
2063 1102 2286 1184 capite
2333 1101 2571 1166 Cicero

376 1215 568 1277 illam
632 1216 1031 1298 diligentiae
1090 1217 1365 1279 laudem
1427 1226 1702 1298 praeter
1761 1228 2029 1281 ceteros
2089 1198 2573 1283 vindicaverat.

380 1329 620 1393 Cicero
684 1332 780 1394 ait
841 1333 1017 1395 inter
1075 1351 1288 1395 annos
1351 1329 1458 1394 Ol.
1521 1336 1625 1394 62.
1699 1354 1721 1393 1
1797 1371 1881 1379 —
1948 1339 2051 1397 62.
2103 1357 2142 1412 4
2189 1332 2575 1416 Superbum

379 1467 671 1529 regnum
719 1448 946 1511 iniisse
965 1498 979 1523 ,
1027 1458 1098 1511 et
1143 1451 1387 1512 eodem
1434 1450 1761 1532 temporis
1806 1450 2027 1532 spatio
2069 1450 2542 1534 Pythagoram
2559 1500 2574 1527 ,

390 1585 411 1624 1
426 1585 512 1641 40
582 1584 795 1627 annos
860 1574 1019 1646 post
1085 1566 1352 1629 Numae
1421 1575 1712 1629 mortem
1730 1615 1744 1641 ‚
1818 1567 1887 1629 in
1956 1567 2225 1630 Italiam
2285 1569 2571 1634 venisse.

377 1678 695 1762 Denique
762 1680 868 1742 his
938 1681 1108 1744 locis
1177 1683 1431 1745 addere
1501 1683 1833 1745 debemus
1906 1703 1962 1745 c.
2036 1703 2153 1761 30:
2245 1682 2412 1759 „His
2435 1733 2449 1747 .
2476 1733 2490 1747 .
2518 1733 2531 1747 .
2559 1733 2573 1746 .

375 1795 587 1878 regiis
648 1794 1110 1880 quadragzbzta
1173 1798 1364 1861 annis
1422 1803 1492 1861 et
1538 1796 1844 1861 ducentis
1888 1798 2123 1879 paullo
2171 1818 2326 1862 cum
2371 1800 2572 1862 inter-

376 1913 609 1994 regnis
670 1911 814 1975 fere
876 1914 1168 1994 amplius
1222 1914 1656 1995 praeteritiS.''
1748 1914 1957 1977 Adde
2011 1913 2253 1997 fragm.
2305 1914 2439 1978 Cic.
2488 1916 2576 1978 de

376 2029 560 2111 Rep.
629 2029 697 2091 H
759 2050 865 2111 ap.
928 2031 1100 2093 Non.
1164 2051 1230 2112 p.
1297 2036 1424 2109 526
1483 2031 1810 2094 Mercier:
1888 2031 2165 2114 „Itaque
2218 2031 2339 2094 illa
2381 2051 2577 2113 prae-

380 2145 566 2207 clara
612 2146 1001 2209 constitutio
1047 2148 1335 2211 Romuli
1380 2168 1535 2211 cum
1581 2149 1915 2211 ducentos
1960 2167 2173 2210 annos
2216 2157 2287 2210 et
2324 2148 2572 2230 viginti

377 2259 522 2324 fere
589 2259 784 2323 firma
850 2263 1245 2326 mansisset''
1264 2312 1278 2339 ,
1350 2265 1535 2346 quod
1595 2274 1909 2345 spectare
1970 2264 2241 2326 videtur
2304 2264 2394 2325 ad
2463 2283 2574 2325 res

376 2398 593 2441 novas
669 2399 712 2440 a
789 2377 1105 2460 Superbo
1187 2380 1256 2441 in
1341 2380 1687 2443 civitatem
1754 2381 1981 2443 illatas
2052 2380 2312 2461 aliquot
2380 2380 2572 2442 annis

262 2489 268 2496 ’
376 2504 740 2577 postquam
784 2516 1075 2579 regnare
1122 2497 1382 2578 coepit;
1430 2517 1651 2579 neque
1698 2517 2016 2560 numerus
2062 2496 2307 2559 mutari
2361 2483 2569 2558 debuss

380 2620 530 2672 erat
605 2612 694 2674 ab
769 2613 1144 2695 interprett.
1223 2613 1642 2695 (Mommsen.
1712 2612 1918 2676 Rom.
1991 2611 2235 2676 Chron.
2304 2632 2370 2693 p.
2450 2617 2569 2690 138

376 2728 532 2791 adn.
586 2729 749 2810 256).

468 2844 702 2907 Aliam
762 2846 1036 2928 Polybii
1098 2846 1426 2928 temporis
1489 2844 1952 2908 definitionem
2006 2845 2303 2928 legimus
2347 2843 2467 2906 III.
2516 2863 2573 2906 e.

379 2982 461 3024 22
535 2967 567 3039 5
646 2983 669 3024 1
749 2983 892 3044 sqq.
1006 2968 1287 3028 Λεύκιον
1371 2954 1660 3027 Ἰούνιον
1735 2968 2034 3044 Βροῦτον
2107 2965 2217 3024 καὶ
2286 2964 2571 3043 Μάρκον

377 3076 727 3161 ςΩρόιτιον,
777 3080 925 3151 τούς
973 3080 1270 3161 πρώτους
1318 3076 1866 3151 κατασταθέντας
1911 3077 2199 3151 ὑπάτους
2246 3080 2407 3156 μετὰ
2449 3079 2566 3156 τὴν

377 3198 510 3258 τῶν
574 3175 901 3279 ’βασιλέων
976 3190 1371 3268 κατάλυσιν,
1441 3191 1554 3276 ἀφ’
1618 3177 1712 3257 ὧν
1779 3191 2021 3278 συνέβη
2072 3198 2569 3274 καθιερωθῆναι

383 3315 494 3375 καὶ
568 3315 639 3375 τὸ
710 3318 821 3377 τοῦ
894 3313 1050 3383 Διὸς
1124 3312 1290 3392 ἱερὸν
1363 3314 1476 3374 τοῦ
1547 3306 2021 3389 Καπετωλίου,
2095 3317 2304 3375 ταῦτα
2375 3305 2572 3372 δ’ἐστὶ

380 3429 661 3509 πρότερα
725 3431 835 3508 τὴς
883 3422 1136 3509 Ξέρξου
1187 3426 1541 3511 διαβάσεως
1591 3431 1677 3503 εἷς
1728 3433 1845 3508 τὴν
1896 3421 2193 3491 εΕλλάδα
2243 3421 2571 3510 τριάκοντ’

379 3543 547 3607 ἔτεσι
617 3542 907 3607 λείπουσι
975 3540 1183 3609 δυοῖν.
1276 3541 1464 3605 Inter
1522 3562 1728 3624 reges
1776 3542 2033 3604 eiectos
2080 3551 2151 3604 et
2196 3539 2572 3622 expeditio-

377 3677 537 3720 nem
581 3657 843 3721 Xerxis
888 3658 958 3721 in
1005 3657 1366 3723 Graeciam
1410 3657 1663 3721 factam
1711 3656 1842 3741 (Ol.
1896 3677 1996 3737 75.
2053 3656 2106 3738 1)
2134 3662 2215 3718 28
2240 3673 2569 3718 annorum

378 3774 816 3837 intervallum
881 3775 1354 3857 interpositum
1426 3784 1562 3850 est;
1633 3774 1807 3836 illud
1874 3773 2084 3856 igitur
2149 3771 2402 3834 factum
2469 3779 2576 3833 est

381 3889 492 3953 Ol.
566 3895 668 3954 68.
741 3913 763 3953 1
791 3940 805 3967 ,
868 3911 910 3953 a
972 3897 1118 3969 508.
1211 3890 1393 3954 Huic
1454 3911 1736 3954 numero
1784 3891 1842 3952 si
1887 3888 2197 3952 addimus
2241 3888 2398 3950 illos
2446 3907 2574 3965 240

389 4027 605 4069 annos
690 4008 980 4089 amplius
1053 4027 1179 4088 per
1254 4027 1426 4089 quos
1491 4027 1781 4090 regnum
1848 4006 2242 4068 Romanum
2308 4003 2576 4065 stetisse

390 4122 632 4187 Cicero
696 4143 736 4185 e
795 4123 1090 4206 Polybio
1135 4123 1413 4186 tradidit
1430 4171 1444 4195 ,
1492 4142 1706 4185 annus
1752 4123 1938 4184 urbis
1985 4120 2301 4184 conditae
2347 4119 2579 4181 evadit

382 4248 753 4325 748—749.
844 4239 963 4302 Ad
1025 4241 1313 4303 eundem
1376 4259 1625 4302 annum
1686 4240 1975 4302 redeunt
2018 4237 2260 4319 reliqui
2303 4237 2568 4299 numeri

377 4380 552 4442 quos
599 4357 836 4421 Cicero
882 4355 1104 4419 tradit.
1195 4356 1420 4418 Numa
1472 4366 1779 4418 mortuus
1825 4365 1930 4418 est
1985 4376 2007 4416 1
2023 4376 2107 4432 40
2153 4373 2365 4416 annos
2412 4362 2570 4415 ante

2374 4467 2408 4514 4
