3375 5084
1466 351 1543 409 55

412 531 768 604 reputatae
829 525 961 587 sint
1019 544 1232 605 usque
1279 526 1368 587 ad
1412 524 1600 586 illam
1618 573 1632 599 ‚
1680 544 1857 607 quae
1903 526 2096 588 nonis
2143 524 2602 608 Quinctilibus

412 638 538 702 fuit
591 649 924 722 regnante
970 639 1327 704 Romu10.''
1418 640 1728 716 ZechiuS,
1776 641 1885 704 cui
1931 641 2267 705 consentit
2313 643 2600 706 Momm-

414 776 536 818 sen
593 755 659 837 ¹),
729 757 1024 820 ostendit
1093 756 1535 839 cogitandum
1607 777 1758 821 esse
1828 758 1915 820 de
1985 758 2148 820 solis
2217 756 2598 823 defectione

414 873 570 934 anni
641 894 787 950 400.
900 872 1010 934 Ex
1075 874 1207 937 hoc
1278 873 1622 937 Ciceronis
1692 874 1847 937 loco
1916 874 2218 956 sequitur
2239 923 2254 949 ,
2323 876 2603 938 annales

413 1008 582 1070 quos
655 989 937 1052 videbat
1013 989 1279 1066 Cicero,
1358 990 1537 1054 circa
1612 990 1806 1053 illum
1876 1010 2125 1053 annum
2195 1012 2326 1068 400
2396 1011 2455 1054 a.
2526 991 2597 1056 C.

334 1078 343 1089 ·
411 1104 686 1167 demum
747 1104 1164 1168 defectiones
1223 1105 1386 1168 solis
1447 1107 1717 1169 tradere
1776 1106 2085 1187 coepisse
2138 1107 2597 1187 superioribus

410 1220 704 1295 omissis;
781 1241 939 1283 nam
1018 1222 1075 1284 si
1142 1221 1210 1284 in
1278 1222 1634 1285 annalibus
1706 1221 1912 1284 etiam
1980 1222 2365 1303 superiores
2431 1223 2594 1286 solis

410 1336 827 1400 defectiones
885 1347 1113 1400 essent
1165 1338 1547 1419 adscriptae
1564 1386 1578 1413 ,
1626 1358 1747 1401 cur
1793 1336 2031 1401 Cicero
2076 1339 2202 1401 has
2247 1347 2595 1419 reputatas

410 1473 591 1528 esse,
659 1454 848 1516 illam
889 1473 958 1534 ,a
1024 1453 1456 1535 pontificibus
1517 1475 1575 1517 a.
1641 1476 1772 1533 400
1836 1456 2271 1518 observatam
2330 1475 2481 1518 esse
2528 1465 2598 1518 et

407 1570 504 1632 ita
545 1570 615 1632 in
661 1572 941 1633 annales
984 1571 1377 1652 pervenisse
1425 1571 1865 1665 credidisset?
1911 1571 2055 1634 sine
2102 1572 2310 1634 dubio
2355 1593 2442 1634 ne
2467 1546 2594 1634 'his

407 1685 680 1767 quidem
725 1685 930 1750 fidem
974 1687 1430 1750 recusavisset
1467 1685 1527 1767 2).
1604 1685 1747 1751 Sed
1793 1687 1997 1750 etiam
2045 1708 2085 1750 e
2130 1688 2359 1751 verbis
2407 1687 2594 1752 Cice-

406 1802 589 1865 ronis
646 1813 931 1883 apparet
947 1852 961 1878 ‚
1022 1813 1179 1866 ante
1226 1823 1475 1866 annum
1523 1825 1653 1881 400
1701 1803 2005 1866 tabulam
2051 1802 2387 1884 pontificis
2432 1824 2595 1867 non-

405 1899 569 1981 dum
635 1919 1028 2000 inscriptam
1094 1918 1300 1982 fuisse
1361 1919 1524 1982 solis
1586 1929 1656 1982 et
1703 1921 1904 1982 lunae
1950 1918 2447 1983 defectionibus
2462 1969 2477 1994 ‚
2524 1920 2596 1982 id

404 2044 512 2098 est
579 2037 951 2098 secundum
1018 2036 1089 2098 id
1156 2037 1340 2118 quod
1409 2037 1496 2099 de
1559 2056 1643 2099 ea
1703 2036 1972 2118 scripsit
2036 2035 2206 2100 Cato
2224 2084 2239 2110 ,
2289 2036 2595 2099 tabulam

402 2150 662 2213 nullam
709 2151 1034 2215 extitisse.
2335 2150 2338 2153 ¹

497 2265 668 2330 Cum
710 2267 816 2330 his
862 2267 1180 2331 convenit
1224 2268 1542 2351 prodigia
1585 2288 1721 2330 non
1768 2270 1856 2330 ab
1897 2268 2087 2332 initio
2123 2268 2280 2330 inde
2311 2267 2496 2330 urbis
2526 2266 2596 2329 in

401 2384 757 2447 annalibus
825 2385 1137 2447 maximis
1205 2385 1454 2448 tradita
1513 2384 1719 2448 fuisse
1737 2434 1752 2461 ,
1814 2387 1937 2448 sed
1998 2386 2178 2448 hunc
2224 2404 2484 2447 morem
2530 2405 2590 2446 a.

408 2521 535 2579 249
606 2521 663 2564 a.
735 2500 805 2565 C.
868 2468 1140 2564 demum
1197 2501 1575 2565 institutum
1637 2522 1788 2564 esse
1806 2550 1820 2576 ‚
1880 2511 1955 2564 ut
2013 2511 2217 2565 antea
2261 2510 2594 2564 statuerat

401 2616 785 2679 Mommsen
798 2666 812 2692 ‚
860 2637 1075 2698 nuper
1121 2617 1370 2681 certius
1419 2617 1624 2680 etiam
1668 2617 2160 2680 demonstravit
2189 2617 2499 2699 Bernays
2531 2615 2591 2697 ³).

491 2885 533 2968 ¹)
573 2889 751 2948 Rom.
798 2888 1019 2948 Chron.
1065 2910 1103 2966 p
1172 2909 1284 2948 202
1329 2888 1468 2947 adn.
1516 2907 1651 2965 392.

481 2986 531 3067 2)
595 2988 717 3048 Cfr.
782 2990 860 3048 de
920 2989 1037 3049 hoc
1097 2990 1232 3049 loco
1289 3006 1442 3064 quae
1498 2985 1733 3064 scripsit
1787 2988 2047 3045 Karsten
2101 2984 2161 3044 in
2202 2986 2595 3062 Mnemosyne

401 3087 556 3163 1873
599 3107 658 3164 p·
711 3107 823 3165 193
867 3106 954 3163 sq·

484 3182 532 3265 3)
594 3184 806 3245 Rhein.
871 3187 1025 3245 Mus.
1099 3206 1167 3246 12
1227 3206 1285 3263 p.
1344 3189 1462 3262 436
1520 3205 1649 3262 sqq.
1712 3183 1989 3264 Prodigia
2042 3186 2276 3244 Romae
2326 3182 2597 3242 nuntiata

395 3284 629 3362 scripsit
676 3286 723 3344 I.
768 3285 1121 3361 Obsequens
1137 3331 1151 3358 ,
1195 3286 1273 3345 ab
1314 3304 1473 3344 anno
1516 3282 1676 3345 urbis
1719 3281 2190 3361 quingentesimo
2234 3281 2595 3360 quinquage—

395 3384 545 3443 simo
589 3383 797 3461 quinto
838 3383 1247 3462 prodigiorum
1287 3382 1452 3443 liber.
1539 3385 1878 3442 Mommsen
1921 3402 2058 3442 cum
2103 3380 2372 3441 statuerit
2408 3380 2595 3441 Obse-

400 3492 683 3559 quentem
727 3492 919 3542 totum
963 3502 1000 3541 a
1041 3482 1207 3542 Livio
1250 3469 1542 3559 pendere,
1587 3480 1923 3542 coniecerat
1964 3480 2195 3539 Livium
2236 3479 2297 3538 in
2337 3479 2599 3538 secunda

395 3582 629 3641 decade
691 3579 1032 3655 tradidisse,
1075 3583 1154 3642 ab
1194 3600 1267 3641 eo
1311 3599 1469 3640 anno
1510 3580 1649 3640 inde
1693 3578 1927 3657 publice
1967 3578 2242 3657 prodigia
2282 3579 2598 3638 observata

395 3690 456 3741 et
516 3678 837 3740 memoriae
900 3680 1118 3739 tradita
1181 3699 1323 3740 esse.
1422 3680 1540 3739 Sed
1604 3699 1742 3739 cum
1808 3678 1994 3739 tribus
2053 3677 2200 3737 locis
2244 3677 2596 3752 Obsequens

397 3779 662 3856 paullum
719 3798 756 3838 a
811 3778 975 3839 Livio
1034 3778 1431 3856 discreparet.
1475 3777 1644 3860 (obs.
1692 3798 1744 3836 e.
1790 3797 1824 3854 3
1869 3812 1949 3821 —
1990 3777 2118 3836 Liv.
2160 3777 2441 3835 XXXIX.
2487 3795 2561 3834 22
2578 3796 2595 3849 ;

396 3878 545 3938 obs.
589 3897 642 3937 c.
689 3880 724 3936 6
768 3913 848 3921 —
890 3876 1014 3937 Liv.
1058 3880 1164 3937 XI.
1214 3898 1321 3955 293
1367 3877 1512 3937 Obs.
1558 3897 1609 3937 c.
1661 3894 1691 3951 7
1736 3912 1816 3920 —
1858 3876 1984 3936 Liv.
2028 3877 2134 3935 XI.
2166 3873 2298 3956 45),
2334 3877 2596 3950 Bernays

393 3976 600 4037 statuit
663 3977 969 4054 utriusque
1009 3977 1376 4037 narrationes
1418 3996 1491 4036 ex
1533 3978 1748 4037 eodem
1790 3977 1953 4036 fonte
1991 3974 2226 4034 fluxisse
2245 4019 2258 4046 ‚
2303 3993 2375 4032 ex
2416 3992 2596 4032 anna-

390 4075 548 4136 libus
587 4075 876 4135 maximiS.
918 4112 1000 4120 --
1039 4076 1315 4145 Nitzseh‚
1364 4077 1542 4136 Rom.
1586 4078 1745 4135 Ann.
1787 4095 1848 4152 p.
1897 4094 2042 4147 240,
2073 4074 2154 4133 ob
2173 4072 2329 4131 hanc
2350 4091 2593 4131 causam

394 4173 602 4235 statuit
657 4194 886 4235 morem
943 4176 1179 4235 tabulae
1236 4174 1472 4252 publice
1514 4173 1942 4251 proponendae
1984 4190 2142 4230 anno
2190 4190 2304 4248 249
2348 4170 2591 4229 demum

393 4272 731 4333 institutum
774 4292 918 4333 esse.
964 4273 1295 4351 Schwegler
1337 4271 1439 4352 (ΙΙ.
1483 4292 1544 4349 p.
1592 4294 1622 4331 2
1668 4270 1783 4352 sq.)
1824 4271 1886 4330 id
1929 4268 2159 4329 definiri
2199 4288 2373 4347 posse
2414 4280 2593 4347 negat

395 4391 537 4432 cum
578 4368 721 4431 nihil
762 4372 839 4432 de
881 4390 952 4432 ea
993 4391 1057 4432 re
1099 4370 1384 4431 traditum
1425 4380 1604 4431 extet.
