<?xml version="1.0" encoding="UTF-8"?>
<!DOCTYPE html PUBLIC "-//W3C//DTD XHTML 1.0 Transitional//EN"
    "http://www.w3.org/TR/xhtml1/DTD/xhtml1-transitional.dtd">
<html xmlns="http://www.w3.org/1999/xhtml" xml:lang="en" lang="en">
 <head>
  <title>
</title>
<meta http-equiv="Content-Type" content="text/html;charset=utf-8" />
  <meta name='ocr-system' content='tesseract 3.04.00' />
  <meta name='ocr-capabilities' content='ocr_page ocr_carea ocr_par ocr_line ocrx_word'/>
</head>
<body>
  <div class='ocr_page' id='page_1' title='image "./depolybiifontib00wetegoog_0199.png"; bbox 0 0 3375 5084; ppageno 0'>
   <div class='ocr_carea' id='block_1_1' title="bbox 1401 330 1518 402">
    <p class='ocr_par' dir='ltr' id='par_1_1' title="bbox 1401 330 1518 402">
     <span class='ocr_line' id='line_1_1' title="bbox 1401 330 1518 402; baseline 0.017 -19"><span class='ocrx_word' id='word_1_1' title='bbox 1401 330 1518 402; x_wconf 92' lang='lat'>187</span> 
     </span>
    </p>
   </div>
   <div class='ocr_carea' id='block_1_2' title="bbox 294 514 2559 2921">
    <p class='ocr_par' dir='ltr' id='par_1_2' title="bbox 294 514 2559 2921">
     <span class='ocr_line' id='line_1_2' title="bbox 371 514 2550 598; baseline 0.002 -23"><span class='ocrx_word' id='word_1_2' title='bbox 371 515 880 596; x_wconf 81' lang='lat' dir='ltr'>expugnatione</span> <span class='ocrx_word' id='word_1_3' title='bbox 956 516 1026 577; x_wconf 92' lang='lat' dir='ltr'>in</span> <span class='ocrx_word' id='word_1_4' title='bbox 1097 514 1457 579; x_wconf 81' lang='lat' dir='ltr'>Graeciam</span> <span class='ocrx_word' id='word_1_5' title='bbox 1525 537 1839 579; x_wconf 88' lang='lat' dir='ltr'>reversus</span> <span class='ocrx_word' id='word_1_6' title='bbox 1863 566 1876 591; x_wconf 95' lang='lat'>,</span> <span class='ocrx_word' id='word_1_7' title='bbox 1946 528 2103 598; x_wconf 91' lang='lat' dir='ltr'>post</span> <span class='ocrx_word' id='word_1_8' title='bbox 2171 517 2550 597; x_wconf 91' lang='lat' dir='ltr'>profectum</span> 
     </span>
     <span class='ocr_line' id='line_1_3' title="bbox 369 631 2551 714; baseline 0.002 -23"><span class='ocrx_word' id='word_1_9' title='bbox 369 631 606 692; x_wconf 92' lang='lat' dir='ltr'>decem</span> <span class='ocrx_word' id='word_1_10' title='bbox 667 632 1084 713; x_wconf 84' lang='lat' dir='ltr'>legatorum,</span> <span class='ocrx_word' id='word_1_11' title='bbox 1147 634 1263 714; x_wconf 92' lang='lat' dir='ltr'>qui</span> <span class='ocrx_word' id='word_1_12' title='bbox 1308 654 1433 695; x_wconf 82' lang='lat' dir='ltr'>sex</span> <span class='ocrx_word' id='word_1_13' title='bbox 1480 654 1751 695; x_wconf 91' lang='lat' dir='ltr'>menses</span> <span class='ocrx_word' id='word_1_14' title='bbox 1795 634 1864 695; x_wconf 93' lang='lat' dir='ltr'>in</span> <span class='ocrx_word' id='word_1_15' title='bbox 1909 634 2390 714; x_wconf 88' lang='lat' dir='ltr'>Peloponneso</span> <span class='ocrx_word' id='word_1_16' title='bbox 2438 635 2551 696; x_wconf 91' lang='lat' dir='ltr'>de-</span> 
     </span>
     <span class='ocr_line' id='line_1_4' title="bbox 294 743 2550 829; baseline 0.002 -23"><span class='ocrx_word' id='word_1_17' title='bbox 294 787 313 816; x_wconf 76' lang='lat'>.</span> <span class='ocrx_word' id='word_1_18' title='bbox 367 757 612 827; x_wconf 86' lang='lat' dir='ltr'>gerant</span> <span class='ocrx_word' id='word_1_19' title='bbox 654 743 721 827; x_wconf 86' lang='lat'>¹),</span> <span class='ocrx_word' id='word_1_20' title='bbox 767 748 914 828; x_wconf 91' lang='lat' dir='ltr'>ipse</span> <span class='ocrx_word' id='word_1_21' title='bbox 962 768 1021 810; x_wconf 91' lang='lat' dir='ltr'>a.</span> <span class='ocrx_word' id='word_1_22' title='bbox 1081 768 1197 826; x_wconf 88' lang='lat'>145</span> <span class='ocrx_word' id='word_1_23' title='bbox 1249 749 1337 810; x_wconf 89' lang='lat' dir='ltr'>ad</span> <span class='ocrx_word' id='word_1_24' title='bbox 1367 768 1476 811; x_wconf 90' lang='lat' dir='ltr'>res</span> <span class='ocrx_word' id='word_1_25' title='bbox 1509 748 1966 829; x_wconf 85' lang='lat' dir='ltr'>Peloponnesi</span> <span class='ocrx_word' id='word_1_26' title='bbox 1990 748 2550 810; x_wconf 85' lang='lat' dir='ltr'>administrandas</span> 
     </span>
     <span class='ocr_line' id='line_1_5' title="bbox 362 863 2547 948; baseline 0.002 -24"><span class='ocrx_word' id='word_1_27' title='bbox 362 863 983 945; x_wconf 86' lang='lat' dir='ltr'>peregrinationem</span> <span class='ocrx_word' id='word_1_28' title='bbox 1042 866 1372 946; x_wconf 84' lang='lat' dir='ltr'>suscepit,</span> <span class='ocrx_word' id='word_1_29' title='bbox 1431 886 1566 948; x_wconf 90' lang='lat' dir='ltr'>qua</span> <span class='ocrx_word' id='word_1_30' title='bbox 1619 885 1909 947; x_wconf 91' lang='lat' dir='ltr'>magnos</span> <span class='ocrx_word' id='word_1_31' title='bbox 1953 865 2248 927; x_wconf 88' lang='lat' dir='ltr'>honores</span> <span class='ocrx_word' id='word_1_32' title='bbox 2293 866 2547 946; x_wconf 92' lang='lat' dir='ltr'>ubique</span> 
     </span>
     <span class='ocr_line' id='line_1_6' title="bbox 361 981 2552 1064; baseline 0.001 -24"><span class='ocrx_word' id='word_1_33' title='bbox 361 981 653 1060; x_wconf 93' lang='lat' dir='ltr'>adeptus</span> <span class='ocrx_word' id='word_1_34' title='bbox 698 989 820 1043; x_wconf 91' lang='lat' dir='ltr'>est.</span> <span class='ocrx_word' id='word_1_35' title='bbox 887 981 1035 1043; x_wconf 90' lang='lat' dir='ltr'>Iam</span> <span class='ocrx_word' id='word_1_36' title='bbox 1079 981 1312 1062; x_wconf 91' lang='lat' dir='ltr'>paullo</span> <span class='ocrx_word' id='word_1_37' title='bbox 1359 991 1515 1044; x_wconf 91' lang='lat' dir='ltr'>ante</span> <span class='ocrx_word' id='word_1_38' title='bbox 1562 981 1973 1064; x_wconf 85' lang='lat' dir='ltr'>integritatis</span> <span class='ocrx_word' id='word_1_39' title='bbox 2017 983 2273 1043; x_wconf 90' lang='lat' dir='ltr'>bonum</span> <span class='ocrx_word' id='word_1_40' title='bbox 2320 1002 2552 1044; x_wconf 82' lang='lat' dir='ltr'>exem-</span> 
     </span>
     <span class='ocr_line' id='line_1_7' title="bbox 360 1095 2545 1178; baseline 0.001 -22"><span class='ocrx_word' id='word_1_41' title='bbox 360 1095 552 1175; x_wconf 91' lang='lat' dir='ltr'>plum</span> <span class='ocrx_word' id='word_1_42' title='bbox 597 1096 835 1171; x_wconf 89' lang='lat' dir='ltr'>edidit,</span> <span class='ocrx_word' id='word_1_43' title='bbox 883 1117 1037 1158; x_wconf 92' lang='lat' dir='ltr'>cum</span> <span class='ocrx_word' id='word_1_44' title='bbox 1082 1097 1283 1159; x_wconf 89' lang='lat' dir='ltr'>Diaei</span> <span class='ocrx_word' id='word_1_45' title='bbox 1330 1117 1702 1177; x_wconf 89' lang='lat' dir='ltr'>eorumque</span> <span class='ocrx_word' id='word_1_46' title='bbox 1749 1098 1865 1178; x_wconf 92' lang='lat' dir='ltr'>qui</span> <span class='ocrx_word' id='word_1_47' title='bbox 1912 1117 2065 1159; x_wconf 92' lang='lat' dir='ltr'>cum</span> <span class='ocrx_word' id='word_1_48' title='bbox 2112 1118 2196 1159; x_wconf 94' lang='lat' dir='ltr'>eo</span> <span class='ocrx_word' id='word_1_49' title='bbox 2245 1098 2545 1159; x_wconf 90' lang='lat' dir='ltr'>damnati</span> 
     </span>
     <span class='ocr_line' id='line_1_8' title="bbox 362 1213 2549 1294; baseline 0.001 -22"><span class='ocrx_word' id='word_1_50' title='bbox 362 1220 590 1273; x_wconf 89' lang='lat' dir='ltr'>essent</span> <span class='ocrx_word' id='word_1_51' title='bbox 652 1213 891 1274; x_wconf 92' lang='lat' dir='ltr'>domus</span> <span class='ocrx_word' id='word_1_52' title='bbox 938 1222 1007 1275; x_wconf 93' lang='lat' dir='ltr'>et</span> <span class='ocrx_word' id='word_1_53' title='bbox 1051 1215 1235 1275; x_wconf 90' lang='lat' dir='ltr'>bona</span> <span class='ocrx_word' id='word_1_54' title='bbox 1279 1234 1321 1274; x_wconf 93' lang='lat' dir='ltr'>a</span> <span class='ocrx_word' id='word_1_55' title='bbox 1367 1222 1728 1294; x_wconf 90' lang='lat' dir='ltr'>quaestore</span> <span class='ocrx_word' id='word_1_56' title='bbox 1774 1214 2114 1288; x_wconf 87' lang='lat' dir='ltr'>venirent;</span> <span class='ocrx_word' id='word_1_57' title='bbox 2165 1233 2320 1275; x_wconf 90' lang='lat' dir='ltr'>cum</span> <span class='ocrx_word' id='word_1_58' title='bbox 2368 1213 2549 1275; x_wconf 90' lang='lat' dir='ltr'>enim</span> 
     </span>
     <span class='ocr_line' id='line_1_9' title="bbox 360 1328 2556 1411; baseline 0.001 -23"><span class='ocrx_word' id='word_1_59' title='bbox 360 1328 604 1390; x_wconf 92' lang='lat' dir='ltr'>decem</span> <span class='ocrx_word' id='word_1_60' title='bbox 648 1329 866 1410; x_wconf 90' lang='lat' dir='ltr'>legati</span> <span class='ocrx_word' id='word_1_61' title='bbox 912 1329 1341 1411; x_wconf 90' lang='lat' dir='ltr'>quidcunque</span> <span class='ocrx_word' id='word_1_62' title='bbox 1390 1349 1480 1390; x_wconf 82' lang='lat' dir='ltr'>ex</span> <span class='ocrx_word' id='word_1_63' title='bbox 1525 1328 1605 1391; x_wconf 92' lang='lat' dir='ltr'>iis</span> <span class='ocrx_word' id='word_1_64' title='bbox 1651 1330 1857 1391; x_wconf 89' lang='lat' dir='ltr'>rebus</span> <span class='ocrx_word' id='word_1_65' title='bbox 1896 1329 2025 1391; x_wconf 90' lang='lat' dir='ltr'>sibi</span> <span class='ocrx_word' id='word_1_66' title='bbox 2055 1329 2314 1411; x_wconf 90' lang='lat' dir='ltr'>eligere</span> <span class='ocrx_word' id='word_1_67' title='bbox 2340 1330 2556 1391; x_wconf 88' lang='lat' dir='ltr'>vellet</span> 
     </span>
     <span class='ocr_line' id='line_1_10' title="bbox 359 1444 2556 1528; baseline 0.001 -23"><span class='ocrx_word' id='word_1_68' title='bbox 359 1445 425 1506; x_wconf 93' lang='lat' dir='ltr'>ei</span> <span class='ocrx_word' id='word_1_69' title='bbox 495 1445 639 1507; x_wconf 90' lang='lat' dir='ltr'>sine</span> <span class='ocrx_word' id='word_1_70' title='bbox 707 1444 928 1525; x_wconf 89' lang='lat' dir='ltr'>pretio</span> <span class='ocrx_word' id='word_1_71' title='bbox 996 1445 1172 1508; x_wconf 90' lang='lat' dir='ltr'>tradi</span> <span class='ocrx_word' id='word_1_72' title='bbox 1243 1446 1592 1508; x_wconf 91' lang='lat' dir='ltr'>iussissent</span> <span class='ocrx_word' id='word_1_73' title='bbox 1608 1494 1621 1519; x_wconf 95' lang='lat'>,</span> <span class='ocrx_word' id='word_1_74' title='bbox 1687 1466 1911 1528; x_wconf 92' lang='lat' dir='ltr'>neque</span> <span class='ocrx_word' id='word_1_75' title='bbox 1972 1446 2118 1527; x_wconf 92' lang='lat' dir='ltr'>ipse</span> <span class='ocrx_word' id='word_1_76' title='bbox 2184 1446 2556 1527; x_wconf 90' lang='lat' dir='ltr'>quidquam</span> 
     </span>
     <span class='ocr_line' id='line_1_11' title="bbox 359 1560 2557 1642; baseline 0 -20"><span class='ocrx_word' id='word_1_77' title='bbox 359 1560 628 1642; x_wconf 92' lang='lat' dir='ltr'>accepit</span> <span class='ocrx_word' id='word_1_78' title='bbox 646 1609 660 1635; x_wconf 93' lang='lat'><em>‚</em></span> <span class='ocrx_word' id='word_1_79' title='bbox 733 1568 802 1623; x_wconf 93' lang='lat' dir='ltr'>et</span> <span class='ocrx_word' id='word_1_80' title='bbox 871 1561 1105 1623; x_wconf 90' lang='lat' dir='ltr'>amicis</span> <span class='ocrx_word' id='word_1_81' title='bbox 1163 1581 1250 1623; x_wconf 93' lang='lat' dir='ltr'>ne</span> <span class='ocrx_word' id='word_1_82' title='bbox 1317 1561 1480 1642; x_wconf 92' lang='lat' dir='ltr'>quid</span> <span class='ocrx_word' id='word_1_83' title='bbox 1543 1582 1633 1623; x_wconf 83' lang='lat' dir='ltr'>ex</span> <span class='ocrx_word' id='word_1_84' title='bbox 1679 1561 1760 1624; x_wconf 92' lang='lat' dir='ltr'>iis</span> <span class='ocrx_word' id='word_1_85' title='bbox 1806 1562 2300 1642; x_wconf 89' lang='lat' dir='ltr'>praestinarent</span> <span class='ocrx_word' id='word_1_86' title='bbox 2346 1561 2557 1624; x_wconf 92' lang='lat' dir='ltr'>suasit</span> 
     </span>
     <span class='ocr_line' id='line_1_12' title="bbox 361 1676 2554 1759; baseline 0.001 -22"><span class='ocrx_word' id='word_1_87' title='bbox 361 1677 439 1757; x_wconf 95' lang='lat' dir='ltr'>(c.</span> <span class='ocrx_word' id='word_1_88' title='bbox 490 1676 566 1757; x_wconf 79' lang='lat'>9).</span> <span class='ocrx_word' id='word_1_89' title='bbox 659 1676 826 1739; x_wconf 91' lang='lat' dir='ltr'>Post</span> <span class='ocrx_word' id='word_1_90' title='bbox 870 1677 1492 1759; x_wconf 90' lang='lat' dir='ltr'>peregrinationem</span> <span class='ocrx_word' id='word_1_91' title='bbox 1536 1676 1913 1758; x_wconf 89' lang='lat' dir='ltr'>perfectam</span> <span class='ocrx_word' id='word_1_92' title='bbox 1964 1677 2380 1757; x_wconf 89' lang='lat' dir='ltr'>aliquamdiu</span> <span class='ocrx_word' id='word_1_93' title='bbox 2408 1677 2554 1740; x_wconf 89' lang='lat' dir='ltr'>Ro-</span> 
     </span>
     <span class='ocr_line' id='line_1_13' title="bbox 353 1779 2436 1875; baseline 0.001 -22"><span class='ocrx_word' id='word_1_94' title='bbox 353 1779 518 1853; x_wconf 56' lang='lat' dir='ltr'>&#39;mae</span> <span class='ocrx_word' id='word_1_95' title='bbox 566 1792 792 1875; x_wconf 87' lang='lat' dir='ltr'>degit,</span> <span class='ocrx_word' id='word_1_96' title='bbox 838 1794 1018 1856; x_wconf 91' lang='lat' dir='ltr'>unde</span> <span class='ocrx_word' id='word_1_97' title='bbox 1063 1814 1120 1856; x_wconf 92' lang='lat' dir='ltr'>a.</span> <span class='ocrx_word' id='word_1_98' title='bbox 1178 1816 1298 1871; x_wconf 89' lang='lat'>144</span> <span class='ocrx_word' id='word_1_99' title='bbox 1345 1794 1414 1855; x_wconf 92' lang='lat' dir='ltr'>in</span> <span class='ocrx_word' id='word_1_100' title='bbox 1463 1792 1825 1856; x_wconf 86' lang='lat' dir='ltr'>Graeciam</span> <span class='ocrx_word' id='word_1_101' title='bbox 1869 1814 2183 1856; x_wconf 88' lang='lat' dir='ltr'>reversus</span> <span class='ocrx_word' id='word_1_102' title='bbox 2229 1803 2335 1857; x_wconf 91' lang='lat' dir='ltr'>est</span> <span class='ocrx_word' id='word_1_103' title='bbox 2373 1793 2436 1875; x_wconf 76' lang='grc'>2).</span> 
     </span>
     <span class='ocr_line' id='line_1_14' title="bbox 451 1906 2555 1991; baseline 0.001 -23"><span class='ocrx_word' id='word_1_104' title='bbox 451 1906 569 1968; x_wconf 95' lang='lat' dir='ltr'>Ad</span> <span class='ocrx_word' id='word_1_105' title='bbox 627 1907 965 1989; x_wconf 91' lang='lat' dir='ltr'>reliquum</span> <span class='ocrx_word' id='word_1_106' title='bbox 1009 1909 1192 1971; x_wconf 90' lang='lat' dir='ltr'>vitae</span> <span class='ocrx_word' id='word_1_107' title='bbox 1240 1910 1532 1990; x_wconf 90' lang='lat' dir='ltr'>spatium</span> <span class='ocrx_word' id='word_1_108' title='bbox 1578 1910 1922 1991; x_wconf 89' lang='lat' dir='ltr'>pertinent</span> <span class='ocrx_word' id='word_1_109' title='bbox 1965 1909 2555 1991; x_wconf 90' lang='lat' dir='ltr'>peregrinationes</span> 
     </span>
     <span class='ocr_line' id='line_1_15' title="bbox 356 2021 2556 2107; baseline 0.001 -23"><span class='ocrx_word' id='word_1_110' title='bbox 356 2023 429 2084; x_wconf 93' lang='lat' dir='ltr'>in</span> <span class='ocrx_word' id='word_1_111' title='bbox 491 2021 732 2085; x_wconf 92' lang='lat' dir='ltr'>Asiam</span> <span class='ocrx_word' id='word_1_112' title='bbox 796 2033 866 2086; x_wconf 93' lang='lat' dir='ltr'>et</span> <span class='ocrx_word' id='word_1_113' title='bbox 924 2024 993 2085; x_wconf 92' lang='lat' dir='ltr'>in</span> <span class='ocrx_word' id='word_1_114' title='bbox 1051 2023 1460 2107; x_wconf 91' lang='lat' dir='ltr'>Aegyptum</span> <span class='ocrx_word' id='word_1_115' title='bbox 1514 2024 1759 2088; x_wconf 89' lang='lat' dir='ltr'>factae.</span> <span class='ocrx_word' id='word_1_116' title='bbox 1851 2024 1986 2088; x_wconf 92' lang='lat' dir='ltr'>Eas</span> <span class='ocrx_word' id='word_1_117' title='bbox 2035 2045 2188 2087; x_wconf 92' lang='lat' dir='ltr'>cum</span> <span class='ocrx_word' id='word_1_118' title='bbox 2236 2022 2556 2106; x_wconf 89' lang='lat' dir='ltr'>Scipione</span> 
     </span>
     <span class='ocr_line' id='line_1_16' title="bbox 359 2141 2555 2222; baseline 0.002 -22"><span class='ocrx_word' id='word_1_119' title='bbox 359 2149 717 2220; x_wconf 90' lang='lat' dir='ltr'>susceptas</span> <span class='ocrx_word' id='word_1_120' title='bbox 781 2161 931 2202; x_wconf 93' lang='lat' dir='ltr'>esse</span> <span class='ocrx_word' id='word_1_121' title='bbox 992 2151 1148 2204; x_wconf 91' lang='lat' dir='ltr'>sunt</span> <span class='ocrx_word' id='word_1_122' title='bbox 1205 2141 1318 2221; x_wconf 93' lang='lat' dir='ltr'>qui</span> <span class='ocrx_word' id='word_1_123' title='bbox 1375 2143 1790 2204; x_wconf 92' lang='lat' dir='ltr'>contendant</span> <span class='ocrx_word' id='word_1_124' title='bbox 1806 2190 1821 2215; x_wconf 92' lang='lat'><strong>,</strong></span> <span class='ocrx_word' id='word_1_125' title='bbox 1870 2142 1996 2203; x_wconf 91' lang='lat' dir='ltr'>etsi</span> <span class='ocrx_word' id='word_1_126' title='bbox 2044 2161 2376 2222; x_wconf 89' lang='lat' dir='ltr'>nusquam</span> <span class='ocrx_word' id='word_1_127' title='bbox 2424 2150 2555 2204; x_wconf 88' lang='lat' dir='ltr'>tra-</span> 
     </span>
     <span class='ocr_line' id='line_1_17' title="bbox 358 2255 2557 2339; baseline 0.001 -23"><span class='ocrx_word' id='word_1_128' title='bbox 358 2255 574 2329; x_wconf 81' lang='lat' dir='ltr'>ditur3</span> <span class='ocrx_word' id='word_1_129' title='bbox 637 2255 810 2319; x_wconf 89' lang='lat' dir='ltr'>haec</span> <span class='ocrx_word' id='word_1_130' title='bbox 866 2255 1109 2318; x_wconf 89' lang='lat' dir='ltr'>itinera</span> <span class='ocrx_word' id='word_1_131' title='bbox 1152 2255 1455 2319; x_wconf 87' lang='lat' dir='ltr'>referunt</span> <span class='ocrx_word' id='word_1_132' title='bbox 1501 2258 1590 2319; x_wconf 92' lang='lat' dir='ltr'>ad</span> <span class='ocrx_word' id='word_1_133' title='bbox 1636 2257 2056 2339; x_wconf 90' lang='lat' dir='ltr'>legationem</span> <span class='ocrx_word' id='word_1_134' title='bbox 2103 2255 2443 2338; x_wconf 89' lang='lat' dir='ltr'>Scipionis</span> <span class='ocrx_word' id='word_1_135' title='bbox 2487 2257 2557 2318; x_wconf 92' lang='lat' dir='ltr'>in</span> 
     </span>
     <span class='ocr_line' id='line_1_18' title="bbox 358 2370 2558 2454; baseline 0 -22"><span class='ocrx_word' id='word_1_136' title='bbox 358 2370 607 2433; x_wconf 90' lang='lat' dir='ltr'>Asiam</span> <span class='ocrx_word' id='word_1_137' title='bbox 655 2382 725 2435; x_wconf 95' lang='lat' dir='ltr'>et</span> <span class='ocrx_word' id='word_1_138' title='bbox 768 2371 1176 2454; x_wconf 89' lang='lat' dir='ltr'>Aegyptum</span> <span class='ocrx_word' id='word_1_139' title='bbox 1194 2420 1208 2447; x_wconf 91' lang='lat'><strong>,</strong></span> <span class='ocrx_word' id='word_1_140' title='bbox 1255 2392 1459 2453; x_wconf 92' lang='lat' dir='ltr'>quem</span> <span class='ocrx_word' id='word_1_141' title='bbox 1502 2371 1645 2435; x_wconf 89' lang='lat' dir='ltr'>fere</span> <span class='ocrx_word' id='word_1_142' title='bbox 1697 2372 2058 2435; x_wconf 86' lang='lat' dir='ltr'>comitatus</span> <span class='ocrx_word' id='word_1_143' title='bbox 2091 2381 2195 2434; x_wconf 90' lang='lat' dir='ltr'>est</span> <span class='ocrx_word' id='word_1_144' title='bbox 2225 2371 2558 2452; x_wconf 87' lang='lat' dir='ltr'>Polybius</span> 
     </span>
     <span class='ocr_line' id='line_1_19' title="bbox 360 2486 2557 2569; baseline 0 -21"><span class='ocrx_word' id='word_1_145' title='bbox 360 2486 781 2569; x_wconf 70' lang='lat' dir='ltr'>(Ael.&#39;Tact.</span> <span class='ocrx_word' id='word_1_146' title='bbox 829 2508 884 2550; x_wconf 91' lang='lat' dir='ltr'>c.</span> <span class='ocrx_word' id='word_1_147' title='bbox 942 2510 963 2550; x_wconf 93' lang='lat'>1</span> <span class='ocrx_word' id='word_1_148' title='bbox 1021 2488 1368 2569; x_wconf 81' lang='grc' dir='ltr'><strong><em>Σκηπίωνι</em></strong></span> <span class='ocrx_word' id='word_1_149' title='bbox 1403 2488 1908 2569; x_wconf 75' lang='grc' dir='ltr'>συγγενόμενος).</span> <span class='ocrx_word' id='word_1_150' title='bbox 1957 2487 2067 2550; x_wconf 93' lang='lat' dir='ltr'>De</span> <span class='ocrx_word' id='word_1_151' title='bbox 2093 2508 2184 2556; x_wconf 71' lang='lat' dir='ltr'>‚ea</span> <span class='ocrx_word' id='word_1_152' title='bbox 2206 2486 2557 2569; x_wconf 89' lang='lat' dir='ltr'>legatione</span> 
     </span>
     <span class='ocr_line' id='line_1_20' title="bbox 359 2601 2559 2685; baseline -0.001 -20"><span class='ocrx_word' id='word_1_153' title='bbox 359 2603 436 2665; x_wconf 90' lang='lat' dir='ltr'>hi</span> <span class='ocrx_word' id='word_1_154' title='bbox 500 2612 810 2666; x_wconf 92' lang='lat' dir='ltr'>auctores</span> <span class='ocrx_word' id='word_1_155' title='bbox 869 2603 1067 2666; x_wconf 90' lang='lat' dir='ltr'>nobis</span> <span class='ocrx_word' id='word_1_156' title='bbox 1128 2614 1519 2685; x_wconf 89' lang='lat' dir='ltr'>supersunt:</span> <span class='ocrx_word' id='word_1_157' title='bbox 1583 2601 1990 2666; x_wconf 76' lang='lat' dir='ltr'>Posidonius</span> <span class='ocrx_word' id='word_1_158' title='bbox 2053 2603 2241 2666; x_wconf 92' lang='lat' dir='ltr'>cuius</span> <span class='ocrx_word' id='word_1_159' title='bbox 2308 2602 2559 2682; x_wconf 91' lang='lat' dir='ltr'>scripta</span> 
     </span>
     <span class='ocr_line' id='line_1_21' title="bbox 361 2694 2558 2801; baseline -0.001 -19"><span class='ocrx_word' id='word_1_160' title='bbox 361 2730 811 2783; x_wconf 89' lang='lat' dir='ltr'>servaverunt</span> <span class='ocrx_word' id='word_1_161' title='bbox 864 2719 1265 2783; x_wconf 91' lang='lat' dir='ltr'>Athenaeus</span> <span class='ocrx_word' id='word_1_162' title='bbox 1305 2719 1348 2801; x_wconf 72' lang='grc'>3)</span> <span class='ocrx_word' id='word_1_163' title='bbox 1397 2732 1466 2783; x_wconf 92' lang='lat' dir='ltr'>et</span> <span class='ocrx_word' id='word_1_164' title='bbox 1511 2694 1921 2783; x_wconf 90' lang='lat' dir='ltr'>Plutarchus</span> <span class='ocrx_word' id='word_1_165' title='bbox 1959 2719 2004 2801; x_wconf 73' lang='lat'>⁴)</span> <span class='ocrx_word' id='word_1_166' title='bbox 2053 2731 2122 2782; x_wconf 92' lang='lat' dir='ltr'>et</span> <span class='ocrx_word' id='word_1_167' title='bbox 2167 2729 2243 2782; x_wconf 94' lang='lat' dir='ltr'>ut</span> <span class='ocrx_word' id='word_1_168' title='bbox 2288 2718 2558 2781; x_wconf 91' lang='lat' dir='ltr'>videtur</span> 
     </span>
     <span class='ocr_line' id='line_1_22' title="bbox 360 2834 2558 2921; baseline -0.001 -24"><span class='ocrx_word' id='word_1_169' title='bbox 360 2835 710 2898; x_wconf 91' lang='lat' dir='ltr'>Diodorus</span> <span class='ocrx_word' id='word_1_170' title='bbox 764 2835 840 2917; x_wconf 82' lang='lat'>⁵);</span> <span class='ocrx_word' id='word_1_171' title='bbox 920 2834 1135 2920; x_wconf 75' lang='lat' dir='ltr'>Trogi</span> <span class='ocrx_word' id='word_1_172' title='bbox 1193 2834 1504 2921; x_wconf 70' lang='lat' dir='ltr'>Pompeii</span> <span class='ocrx_word' id='word_1_173' title='bbox 1563 2837 1770 2902; x_wconf 89' lang='lat' dir='ltr'>tradit</span> <span class='ocrx_word' id='word_1_174' title='bbox 1830 2835 2125 2899; x_wconf 89' lang='lat' dir='ltr'>Iustinus</span> <span class='ocrx_word' id='word_1_175' title='bbox 2170 2834 2248 2916; x_wconf 84' lang='lat'>⁶);</span> <span class='ocrx_word' id='word_1_176' title='bbox 2312 2834 2558 2896; x_wconf 92' lang='lat' dir='ltr'>deinde</span> 
     </span>
    </p>
   </div>
   <div class='ocr_carea' id='block_1_3' title="bbox 355 3176 2606 4441">
    <p class='ocr_par' dir='ltr' id='par_1_3' title="bbox 453 3176 1075 3253">
     <span class='ocr_line' id='line_1_23' title="bbox 453 3176 1075 3253; baseline -0.002 -20"><span class='ocrx_word' id='word_1_177' title='bbox 453 3176 498 3253; x_wconf 90' lang='lat'>¹)</span> <span class='ocrx_word' id='word_1_178' title='bbox 539 3176 605 3233; x_wconf 88' lang='lat' dir='ltr'>P.</span> <span class='ocrx_word' id='word_1_179' title='bbox 649 3177 759 3234; x_wconf 96' lang='lat' dir='ltr'>XL</span> <span class='ocrx_word' id='word_1_180' title='bbox 820 3196 873 3235; x_wconf 86' lang='lat' dir='ltr'>c.</span> <span class='ocrx_word' id='word_1_181' title='bbox 925 3196 1018 3235; x_wconf 91' lang='lat'>10.</span> <span class='ocrx_word' id='word_1_182' title='bbox 1072 3227 1075 3232; x_wconf 88' lang='lat'>.</span> 
     </span>
    </p>

    <p class='ocr_par' dir='ltr' id='par_1_4' title="bbox 450 3272 1017 3355">
     <span class='ocr_line' id='line_1_24' title="bbox 450 3272 1017 3355; baseline 0.002 -22"><span class='ocrx_word' id='word_1_183' title='bbox 450 3272 501 3355; x_wconf 86' lang='lat'>2)</span> <span class='ocrx_word' id='word_1_184' title='bbox 542 3276 608 3334; x_wconf 88' lang='lat' dir='ltr'>P.</span> <span class='ocrx_word' id='word_1_185' title='bbox 652 3277 777 3335; x_wconf 92' lang='lat' dir='ltr'>XL.</span> <span class='ocrx_word' id='word_1_186' title='bbox 823 3295 876 3334; x_wconf 92' lang='lat' dir='ltr'>c.</span> <span class='ocrx_word' id='word_1_187' title='bbox 926 3294 1017 3351; x_wconf 85' lang='lat'>13.</span> 
     </span>
    </p>

    <p class='ocr_par' dir='ltr' id='par_1_5' title="bbox 355 3372 2567 3740">
     <span class='ocr_line' id='line_1_25' title="bbox 447 3372 2565 3455; baseline 0 -23"><span class='ocrx_word' id='word_1_188' title='bbox 447 3372 497 3450; x_wconf 75' lang='grc'>3)</span> <span class='ocrx_word' id='word_1_189' title='bbox 540 3375 757 3434; x_wconf 86' lang='lat' dir='ltr'>Athen.</span> <span class='ocrx_word' id='word_1_190' title='bbox 806 3376 942 3433; x_wconf 91' lang='lat' dir='ltr'><strong>XII.</strong></span> <span class='ocrx_word' id='word_1_191' title='bbox 986 3394 1046 3451; x_wconf 90' lang='lat' dir='ltr'>p.</span> <span class='ocrx_word' id='word_1_192' title='bbox 1094 3391 1210 3451; x_wconf 91' lang='lat'>549</span> <span class='ocrx_word' id='word_1_193' title='bbox 1256 3376 1331 3433; x_wconf 91' lang='lat' dir='ltr'>D.</span> <span class='ocrx_word' id='word_1_194' title='bbox 1368 3373 1461 3453; x_wconf 86' lang='lat' dir='ltr'>(fr.</span> <span class='ocrx_word' id='word_1_195' title='bbox 1499 3394 1566 3432; x_wconf 91' lang='lat'>11</span> <span class='ocrx_word' id='word_1_196' title='bbox 1600 3373 1875 3455; x_wconf 85' lang='lat' dir='ltr'>Mueller)</span> <span class='ocrx_word' id='word_1_197' title='bbox 1906 3379 2243 3442; x_wconf 77' lang='grc' dir='ltr'><strong>Ποσειδώνιος</strong></span> <span class='ocrx_word' id='word_1_198' title='bbox 2268 3378 2294 3433; x_wconf 74' lang='grc' dir='ltr'><strong>ὀ</strong></span> <span class='ocrx_word' id='word_1_199' title='bbox 2322 3379 2565 3443; x_wconf 83' lang='grc' dir='ltr'><strong>Στωικός,</strong></span> 
     </span>
     <span class='ocr_line' id='line_1_26' title="bbox 356 3473 2566 3555; baseline -0.002 -20"><span class='ocrx_word' id='word_1_200' title='bbox 356 3479 807 3555; x_wconf 73' lang='grc' dir='ltr'>συναποδημήσας</span> <span class='ocrx_word' id='word_1_201' title='bbox 856 3482 1096 3535; x_wconf 83' lang='grc' dir='ltr'><strong>Σκιπίωνι</strong></span> <span class='ocrx_word' id='word_1_202' title='bbox 1140 3488 1213 3551; x_wconf 84' lang='grc' dir='ltr'>τῷ</span> <span class='ocrx_word' id='word_1_203' title='bbox 1260 3473 1546 3555; x_wconf 76' lang='grc' dir='ltr'><strong>Ἀφρικανῷ</strong></span> <span class='ocrx_word' id='word_1_204' title='bbox 1596 3480 1847 3539; x_wconf 66' lang='grc' dir='ltr'><strong>κληθέντι</strong></span> <span class='ocrx_word' id='word_1_205' title='bbox 1895 3480 1966 3544; x_wconf 82' lang='grc' dir='ltr'>εἰς</span> <span class='ocrx_word' id='word_1_206' title='bbox 2011 3473 2438 3552; x_wconf 77' lang='grc' dir='ltr'><strong>’Δλεξάνδρειαν,</strong></span> <span class='ocrx_word' id='word_1_207' title='bbox 2480 3478 2566 3531; x_wconf 82' lang='grc' dir='ltr'>καὶ</span> 
     </span>
     <span class='ocr_line' id='line_1_27' title="bbox 355 3570 2567 3653; baseline -0.003 -17"><span class='ocrx_word' id='word_1_208' title='bbox 355 3579 690 3652; x_wconf 68' lang='grc' dir='ltr'><strong>,θεασάμενος</strong></span> <span class='ocrx_word' id='word_1_209' title='bbox 726 3577 880 3633; x_wconf 77' lang='grc' dir='ltr'><strong>αὐτὸν</strong></span> <span class='ocrx_word' id='word_1_210' title='bbox 918 3570 1193 3652; x_wconf 88' lang='lat' dir='ltr'>(Ptolem.</span> <span class='ocrx_word' id='word_1_211' title='bbox 1237 3570 1635 3652; x_wconf 88' lang='lat' dir='ltr'>Physconem)</span> <span class='ocrx_word' id='word_1_212' title='bbox 1676 3581 1860 3653; x_wconf 75' lang='grc' dir='ltr'><strong>γράφει</strong></span> <span class='ocrx_word' id='word_1_213' title='bbox 1891 3579 1941 3632; x_wconf 78' lang='grc' dir='ltr'><strong>ἐν</strong></span> <span class='ocrx_word' id='word_1_214' title='bbox 1968 3576 2168 3653; x_wconf 74' lang='grc' dir='ltr'><strong><em>ἑβδόμῃ</em></strong></span> <span class='ocrx_word' id='word_1_215' title='bbox 2192 3584 2290 3632; x_wconf 86' lang='grc' dir='ltr'><strong>τῶν</strong></span> <span class='ocrx_word' id='word_1_216' title='bbox 2309 3570 2567 3649; x_wconf 79' lang='grc' dir='ltr'><strong>Ἰστοριῶν</strong></span> 
     </span>
     <span class='ocr_line' id='line_1_28' title="bbox 358 3676 796 3740; baseline -0.002 -7"><span class='ocrx_word' id='word_1_217' title='bbox 358 3679 525 3740; x_wconf 79' lang='grc' dir='ltr'><strong>οὕτως</strong></span> <span class='ocrx_word' id='word_1_218' title='bbox 560 3700 611 3732; x_wconf 93' lang='grc' dir='ltr'>κ.</span> <span class='ocrx_word' id='word_1_219' title='bbox 651 3697 703 3733; x_wconf 85' lang='grc' dir='ltr'>τ.</span> <span class='ocrx_word' id='word_1_220' title='bbox 748 3676 796 3732; x_wconf 81' lang='grc' dir='ltr'>λ.</span> 
     </span>
    </p>

    <p class='ocr_par' dir='ltr' id='par_1_6' title="bbox 360 3766 2569 4035">
     <span class='ocr_line' id='line_1_29' title="bbox 449 3766 2563 3851; baseline 0 -24"><span class='ocrx_word' id='word_1_221' title='bbox 449 3766 500 3849; x_wconf 83' lang='lat'>4)</span> <span class='ocrx_word' id='word_1_222' title='bbox 557 3771 711 3829; x_wconf 88' lang='lat' dir='ltr'>Mor.</span> <span class='ocrx_word' id='word_1_223' title='bbox 769 3790 827 3847; x_wconf 93' lang='lat' dir='ltr'>p.</span> <span class='ocrx_word' id='word_1_224' title='bbox 889 3785 1001 3844; x_wconf 92' lang='lat'>777</span> <span class='ocrx_word' id='word_1_225' title='bbox 1066 3772 1136 3829; x_wconf 92' lang='lat' dir='ltr'>A.</span> <span class='ocrx_word' id='word_1_226' title='bbox 1186 3782 1419 3836; x_wconf 85' lang='grc' dir='ltr'><strong>Σκηπίων</strong></span> <span class='ocrx_word' id='word_1_227' title='bbox 1465 3775 1825 3851; x_wconf 75' lang='grc' dir='ltr'><strong>μετεπέμψατο</strong></span> <span class='ocrx_word' id='word_1_228' title='bbox 1871 3778 2180 3841; x_wconf 81' lang='grc' dir='ltr'><strong>Παναίτιον,</strong></span> <span class='ocrx_word' id='word_1_229' title='bbox 2220 3772 2305 3830; x_wconf 78' lang='grc' dir='ltr'>’ὅτε</span> <span class='ocrx_word' id='word_1_230' title='bbox 2340 3773 2497 3829; x_wconf 78' lang='grc' dir='ltr'><strong>αὐτὸν</strong></span> <span class='ocrx_word' id='word_1_231' title='bbox 2533 3776 2563 3835; x_wconf 84' lang='grc' dir='ltr'>ἡ</span> 
     </span>
     <span class='ocr_line' id='line_1_30' title="bbox 360 3873 2569 3950; baseline -0.002 -18"><span class='ocrx_word' id='word_1_232' title='bbox 360 3875 653 3950; x_wconf 73' lang='grc' dir='ltr'><strong>σύγκλητος</strong></span> <span class='ocrx_word' id='word_1_233' title='bbox 697 3875 969 3949; x_wconf 75' lang='grc' dir='ltr'><strong>ἐξέπεμψεν</strong></span> <span class='ocrx_word' id='word_1_234' title='bbox 1009 3877 1301 3948; x_wconf 68' lang='grc' dir='ltr'><strong>ἀνθρώπων</strong></span> <span class='ocrx_word' id='word_1_235' title='bbox 1340 3875 1490 3950; x_wconf 82' lang='grc' dir='ltr'><strong>ὕβριν</strong></span> <span class='ocrx_word' id='word_1_236' title='bbox 1527 3896 1583 3930; x_wconf 84' lang='grc' dir='ltr'>τε</span> <span class='ocrx_word' id='word_1_237' title='bbox 1619 3875 1709 3929; x_wconf 85' lang='grc' dir='ltr'>καὶ</span> <span class='ocrx_word' id='word_1_238' title='bbox 1746 3875 1985 3950; x_wconf 76' lang='grc' dir='ltr'><strong>εὐνομίην</strong></span> <span class='ocrx_word' id='word_1_239' title='bbox 2022 3873 2306 3948; x_wconf 82' lang='grc' dir='ltr'><strong>ἐφορῶντα,</strong></span> <span class='ocrx_word' id='word_1_240' title='bbox 2347 3874 2414 3935; x_wconf 81' lang='grc' dir='ltr'>ὥς</span> <span class='ocrx_word' id='word_1_241' title='bbox 2447 3894 2569 3947; x_wconf 83' lang='grc' dir='ltr'><strong>φησι</strong></span> 
     </span>
     <span class='ocr_line' id='line_1_31' title="bbox 364 3972 726 4035; baseline -0.006 -6"><span class='ocrx_word' id='word_1_242' title='bbox 364 3972 726 4035; x_wconf 77' lang='grc' dir='ltr'><strong>Ποσειδώνιος.</strong></span> 
     </span>
    </p>

    <p class='ocr_par' dir='ltr' id='par_1_7' title="bbox 451 4064 1312 4146">
     <span class='ocr_line' id='line_1_32' title="bbox 451 4064 1312 4146; baseline 0 -22"><span class='ocrx_word' id='word_1_243' title='bbox 451 4065 502 4146; x_wconf 85' lang='grc'>5)</span> <span class='ocrx_word' id='word_1_244' title='bbox 546 4064 726 4126; x_wconf 88' lang='lat' dir='ltr'>Diod.</span> <span class='ocrx_word' id='word_1_245' title='bbox 769 4067 1045 4125; x_wconf 93' lang='lat' dir='ltr'>XXXIII.</span> <span class='ocrx_word' id='word_1_246' title='bbox 1094 4086 1143 4126; x_wconf 93' lang='lat' dir='ltr'>c.</span> <span class='ocrx_word' id='word_1_247' title='bbox 1191 4067 1312 4125; x_wconf 68' lang='lat'>28²³.</span> 
     </span>
    </p>

    <p class='ocr_par' dir='ltr' id='par_1_8' title="bbox 362 4160 2606 4441">
     <span class='ocr_line' id='line_1_33' title="bbox 453 4160 2606 4245; baseline -0.002 -21"><span class='ocrx_word' id='word_1_248' title='bbox 453 4162 503 4245; x_wconf 75' lang='lat'>⁰)</span> <span class='ocrx_word' id='word_1_249' title='bbox 558 4167 706 4240; x_wconf 88' lang='lat' dir='ltr'>Just.</span> <span class='ocrx_word' id='word_1_250' title='bbox 763 4166 1102 4224; x_wconf 90' lang='lat' dir='ltr'>XXXVIII.</span> <span class='ocrx_word' id='word_1_251' title='bbox 1161 4185 1215 4223; x_wconf 93' lang='lat' dir='ltr'>c.</span> <span class='ocrx_word' id='word_1_252' title='bbox 1274 4167 1310 4223; x_wconf 91' lang='lat'>8</span> <span class='ocrx_word' id='word_1_253' title='bbox 1371 4172 1399 4237; x_wconf 64' lang='grc' dir='ltr'><strong>ξ</strong></span> <span class='ocrx_word' id='word_1_254' title='bbox 1456 4166 1491 4224; x_wconf 91' lang='grc'><strong>8</strong></span> <span class='ocrx_word' id='word_1_255' title='bbox 1550 4183 1714 4240; x_wconf 90' lang='lat' dir='ltr'>sqq.:</span> <span class='ocrx_word' id='word_1_256' title='bbox 1761 4161 1976 4242; x_wconf 88' lang='lat' dir='ltr'>„(Ptol.</span> <span class='ocrx_word' id='word_1_257' title='bbox 2018 4160 2318 4243; x_wconf 90' lang='lat' dir='ltr'>Physcon)</span> <span class='ocrx_word' id='word_1_258' title='bbox 2360 4161 2606 4225; x_wconf 16' lang='lat' dir='ltr'>obvius*</span> 
     </span>
     <span class='ocr_line' id='line_1_34' title="bbox 362 4260 2568 4343; baseline -0.001 -20"><span class='ocrx_word' id='word_1_259' title='bbox 362 4263 573 4343; x_wconf 88' lang='lat' dir='ltr'>legatis</span> <span class='ocrx_word' id='word_1_260' title='bbox 628 4266 1039 4324; x_wconf 87' lang='lat' dir='ltr'>Romanorum</span> <span class='ocrx_word' id='word_1_261' title='bbox 1056 4310 1070 4339; x_wconf 89' lang='lat'><strong>,</strong></span> <span class='ocrx_word' id='word_1_262' title='bbox 1128 4262 1419 4340; x_wconf 89' lang='lat' dir='ltr'>Scipioni,</span> <span class='ocrx_word' id='word_1_263' title='bbox 1477 4263 1761 4322; x_wconf 86' lang='lat' dir='ltr'>Africano</span> <span class='ocrx_word' id='word_1_264' title='bbox 1810 4271 1870 4321; x_wconf 90' lang='lat' dir='ltr'>et</span> <span class='ocrx_word' id='word_1_265' title='bbox 1911 4260 2126 4339; x_wconf 88' lang='lat' dir='ltr'>Spurio</span> <span class='ocrx_word' id='word_1_266' title='bbox 2169 4260 2466 4323; x_wconf 89' lang='lat' dir='ltr'>Mummio</span> <span class='ocrx_word' id='word_1_267' title='bbox 2509 4272 2568 4321; x_wconf 88' lang='lat' dir='ltr'>et</span> 
     </span>
     <span class='ocr_line' id='line_1_35' title="bbox 364 4360 2570 4441; baseline -0.002 -17"><span class='ocrx_word' id='word_1_268' title='bbox 364 4368 433 4424; x_wconf 87' lang='lat' dir='ltr'>L.</span> <span class='ocrx_word' id='word_1_269' title='bbox 482 4364 721 4424; x_wconf 86' lang='lat' dir='ltr'>Metello</span> <span class='ocrx_word' id='word_1_270' title='bbox 739 4410 753 4439; x_wconf 89' lang='lat'><strong>,</strong></span> <span class='ocrx_word' id='word_1_271' title='bbox 798 4364 900 4440; x_wconf 88' lang='lat' dir='ltr'>qui</span> <span class='ocrx_word' id='word_1_272' title='bbox 941 4364 1019 4423; x_wconf 87' lang='lat' dir='ltr'>ad</span> <span class='ocrx_word' id='word_1_273' title='bbox 1061 4363 1447 4441; x_wconf 88' lang='lat' dir='ltr'>adspicienda</span> <span class='ocrx_word' id='word_1_274' title='bbox 1488 4360 1787 4422; x_wconf 89' lang='lat' dir='ltr'>sociorum</span> <span class='ocrx_word' id='word_1_275' title='bbox 1830 4381 2014 4439; x_wconf 87' lang='lat' dir='ltr'>regna</span> <span class='ocrx_word' id='word_1_276' title='bbox 2057 4360 2404 4436; x_wconf 88' lang='lat' dir='ltr'>veniebant,</span> <span class='ocrx_word' id='word_1_277' title='bbox 2435 4381 2570 4439; x_wconf 90' lang='lat' dir='ltr'>pro·</span> 
     </span>
    </p>
   </div>
  </div>
 </body>
</html>
