3375 5084
1867 359 1989 415 140

833 529 977 592 eius
1046 531 1339 594 narratio
1407 532 1606 593 nobis
1665 532 1901 614 magni
1961 532 2161 613 pretii
2221 532 2306 595 sit
2325 580 2339 604 ‚
2399 552 2553 595 cum
2607 532 2900 595 dilucide
2947 544 3015 596 et

831 665 998 708 vere
1051 647 1253 709 rebus
1301 647 1628 728 expositis
1645 695 1659 722 ,
1707 646 1904 738 Livio
1952 648 2082 711 hac
2128 648 2198 710 in
2243 668 2317 710 re
2365 647 2780 729 aliquantum
2822 667 3014 730 prae-

831 770 983 824 stet.
1090 761 1513 825 Permultum
1589 772 1818 826 autem
1895 763 1959 826 ei
2032 762 2430 844 profuerunt
2504 783 2661 825 cum
2734 763 3016 845 insignis

829 877 1165 953 doctrina,
1227 888 1371 941 tum
1432 878 1674 942 itinera
1739 890 1809 944 et
1870 900 2217 943 sermones
2264 900 2417 943 cum
2462 879 2698 942 amicis
2743 889 2813 942 et
2857 879 3016 942 viris

830 992 1203 1056 illustribus
1248 995 1429 1057 illius
1476 996 1721 1074 aetatis
1767 996 1997 1058 habiti.
2077 994 2219 1060 Sed
2265 1014 2441 1077 quae
2487 996 2577 1057 ab
2622 995 2703 1057 iis
2751 994 2985 1058 didicit
3002 1044 3016 1069 ‚

827 1107 970 1170 fere
1032 1109 1298 1193 seiungi
1358 1121 1642 1191 possunt
1704 1132 1747 1173 a
1806 1112 2125 1175 continua
2169 1111 2335 1174 belli
2379 1110 2766 1174 narratione
2812 1131 3016 1192 quam

827 1222 1129 1287 fontibus
1186 1226 1451 1307 scriptis
1507 1227 1743 1291 debuit
1759 1276 1773 1301 ,
1822 1237 1892 1290 et
1937 1247 2060 1289 suo
2108 1227 2264 1290 Ioco
2312 1227 2398 1289 de
2443 1226 2526 1289 iis
2573 1245 3015 1308 exponemus.

916 1340 1109 1403 Idem
1177 1340 1321 1404 fere
1390 1342 1752 1405 dicendum
1823 1352 1928 1406 est
1995 1343 2082 1405 de
2150 1341 2340 1404 bello
2408 1342 2479 1404 in
2546 1340 2882 1423 Hispania
2946 1349 3021 1404 et

828 1454 1068 1518 Africa
1135 1466 1353 1539 gestO.
1444 1457 1729 1522 Praeter
1797 1479 1881 1521 ea
1943 1479 2119 1540 quae
2179 1456 2351 1520 infra
2411 1458 2499 1540 (in
2554 1458 2698 1520 vita
2742 1456 3019 1539 Polybii

828 1582 899 1635 et
957 1573 1325 1655 itineribus)
1386 1575 1893 1638 recensebimus
1909 1623 1923 1650 ,
1986 1576 2102 1638 uni
2160 1574 2330 1638 fonti
2375 1574 2627 1656 scripto
2675 1595 2750 1637 se
2797 1573 2988 1636 dedit
3004 1622 3019 1648 ,

828 1708 1029 1770 quem
1089 1690 1424 1753 interdum
1487 1692 1670 1772 apud
1727 1691 1996 1754 Livium
2048 1710 2397 1754 recurrere
2442 1711 2620 1753 nunc
2667 1689 2810 1752 fere
2859 1709 3020 1752 con-

827 1814 962 1868 stat
1003 1801 1060 1887 ¹).
1153 1806 1212 1868 E
1274 1809 1708 1890 pragmatica
1759 1809 2020 1873 ratione
2068 1809 2326 1891 aliquot
2371 1829 2481 1871 res
2527 1808 2815 1871 mutavit
2832 1856 2847 1881 ,
2896 1806 3021 1869 sed

826 1940 963 1983 non
1029 1931 1170 1984 tam
1237 1924 1451 1987 multa
1512 1934 1717 2006 atque
1778 1925 1846 1987 in
1907 1925 2256 2007 superiore
2312 1934 2540 2006 parte;
2587 1944 2809 2005 neque
2860 1943 3017 1986 eum

827 2038 1053 2100 varios
1110 2037 1333 2102 fontes
1376 2041 1446 2103 in
1490 2042 1621 2105 hac
1640 2091 1654 2116 ,
1703 2052 1778 2105 ut
1822 2043 1892 2105 in
1937 2043 2058 2106 illa
2102 2052 2317 2124 parte.
2343 2040 2537 2117 fecit,
2585 2040 3020 2104 coniunxisse

827 2134 1130 2235 apparet.
1202 2153 1343 2219 Sed
1391 2157 1596 2220 etiam
1640 2159 1773 2221 hac
1817 2158 1887 2221 in
1931 2168 2127 2240 parte
2172 2178 2309 2221 non
2349 2157 2577 2220 omnia
2608 2158 2697 2219 ad
2728 2157 3022 2218 verbum

832 2271 1169 2352 expressit
1186 2319 1200 2346 ,
1268 2293 1476 2355 saepe
1543 2275 1818 2338 nomina
1890 2275 2005 2337 vel
2072 2295 2181 2337 res
2254 2274 2549 2337 minores
2609 2272 2940 2356 momenti
2980 2271 3026 2354 2)

830 2384 1054 2451 omisit
1070 2433 1084 2460 ,
1128 2388 1480 2469 graviores
1512 2389 1789 2470 copiose
1821 2389 2171 2471 exposuit3
2205 2410 2533 2453 excursus
2555 2388 3029 2472 pragmaticos

832 2500 1039 2564 etiam
1083 2502 1369 2585 ⁴aliquot
1435 2505 1716 2569 inseruit
1779 2506 1905 2589 (ex.
1953 2525 2054 2588 gr.
2101 2505 2195 2569 X.
2244 2527 2300 2570 c.
2349 2511 2467 2585 36,
2516 2527 2570 2570 c.
2620 2527 2739 2584 40,
2785 2504 2915 2568 XI.
2969 2525 3027 2567 o.

834 2637 865 2678 2
878 2637 912 2694 5
965 2622 996 2693 ἓ
1048 2618 1258 2700 2—8).
2611 2613 2618 2621 ⁹

915 2733 984 2795 Is
1045 2744 1285 2799 auctor
1343 2738 1701 2820 primarius
1762 2738 2114 2820 (siquidem
2176 2748 2362 2802 recte
2409 2738 2692 2802 historia
2733 2736 2899 2799 belli
2953 2738 3027 2799 in

827 2851 1161 2934 Hispania
1223 2864 1292 2918 et
1353 2855 1423 2917 in
1483 2854 1724 2920 Africa
1785 2857 1899 2920 uni
1962 2858 2319 2939 eidemque
2381 2856 2641 2920 auctori
2686 2853 3030 2935 tribuitur)

829 2968 979 3049 quis
1053 2969 1254 3034 fuerit
1330 2971 1525 3035 multi
1598 2971 1847 3035 frustra
1920 2973 2415 3054 quaesiverunt.
2526 2971 2602 3034 L.
2674 2969 3030 3052 Calpurnii

830 3083 1096 3148 Pisonis
1153 3086 1364 3150 libros
1416 3088 1594 3151 hunc
1640 3087 1899 3152 fontem
1946 3107 2374 3152 communem
2421 3086 2628 3150 fuisse
2648 3135 2663 3161 ,
2710 3085 2825 3167 qui
2868 3085 3027 3166 ipse

829 3221 984 3263 cum
1049 3202 1137 3263 ab
1201 3192 1350 3265 aliis
1408 3214 1553 3267 tum
1614 3225 1657 3266 a
1712 3204 1787 3267 P.
1837 3202 2159 3286 Scipione
2204 3202 2344 3266 filio
2392 3202 2699 3266 Africani
2744 3200 3030 3263 maioris

829 3337 954 3379 sua
1017 3320 1454 3400 cognovisset
1470 3368 1484 3395 ,
1547 3320 1839 3385 coniecit
1897 3322 2148 3384 Keller
2184 3320 2245 3402 ³).
2337 3319 2535 3382 Alias
2595 3318 3028 3382 coniecturas

915 3581 958 3661 ¹)
1002 3579 1138 3640 Vid.
1182 3579 1349 3641 infra.

907 3678 958 3760 2)
1001 3678 1221 3739 Omnia
1275 3699 1620 3741 enumerare
1675 3702 1795 3741 non
1853 3691 1941 3742 est
1994 3679 2167 3741 huius
2206 3680 2341 3740 loci.
2425 3679 2676 3758 Aliquot
2717 3680 3031 3756 exempla:

822 3777 948 3838 Liv.
1007 3781 1230 3839 XXVI.
1288 3799 1340 3840 c.
1399 3800 1479 3854 44
1529 3781 1699 3840 med:
1745 3782 2047 3858 „tumulus
2089 3800 2267 3858 quem
2311 3781 2689 3840 Mercurium
2730 3780 2997 3838 vocant'’
3016 3826 3032 3853 ,

823 3880 889 3936 P.
952 3881 1027 3938 X.
1095 3898 1145 3938 c.
1211 3899 1284 3956 13
1340 3887 1367 3951 ξ
1423 3899 1459 3956 3
1516 3885 1635 3948 τοὺς
1669 3885 1999 3960 ὑπερδεξίους
2033 3886 2238 3949 τόπους.
2289 3915 2358 3924 --
2405 3877 2534 3952 Liv.
2578 3881 2800 3938 XXVI.
2845 3898 2897 3938 c.
2951 3897 3032 3957 50

828 3979 1168 4055 Alucceius,
1226 3981 1293 4039 P.
1348 3981 1426 4038 X.
1478 3999 1531 4038 e.
1581 3999 1652 4055 19
1696 3998 1913 4039 nomen
1964 3977 2177 4039 omisit.
2221 4015 2296 4024 —
2342 3978 2470 4039 Liv.
2514 3981 2798 4039 XXVIII.
2843 3998 2895 4038 c.
2951 3999 3030 4055 13

825 4076 904 4136 ad
947 4078 1235 4138 Culcham
1277 4078 1717 4151 duodetriginta
1757 4078 1988 4152 oppidis
2028 4086 2373 4152 regnantem
2389 4124 2404 4153 ‚
2443 4081 2509 4139 P.
2552 4080 2661 4138 XI.
2705 4098 2757 4138 c.
2806 4099 2880 4137 20
2925 4086 2958 4151 ἓ
2990 4099 3028 4154 3

825 4180 950 4259 πρὸς
1000 4183 1325 4259 Κολίχαντα.
1384 4213 1462 4222 --
1517 4175 1644 4236 Liv.
1694 4177 1884 4234 XXX.
1930 4197 1980 4236 c.
2029 4195 2102 4253 37
2147 4178 2306 4237 med.
2357 4178 2574 4254 Gisg0‚
2615 4174 2744 4238 ΡΟῙ.
2785 4179 2922 4236 XV.
2971 4197 3028 4236 e.

835 4293 908 4350 19
949 4282 977 4346 ἓ
1021 4297 1052 4334 2
1098 4277 1278 4354 „Tic-'⁹

915 4370 964 4452 ³)
1005 4374 1130 4434 Der
1170 4375 1387 4436 Zweite
1427 4375 1720 4436 Punische
1746 4375 1935 4455 Krieg
1961 4377 2085 4436 und
2114 4376 2274 4437 seine
2302 4377 2572 4452 Quellen.
2601 4377 2799 4438 Marb.
2832 4378 2990 4454 1875
3011 4423 3028 4453 ,
