3375 5084
1873 377 1998 435 226

844 561 1115 645 Polybii
1177 563 1500 627 librorum
1560 564 1725 627 XV.
1787 585 1843 627 e.
1896 565 2267 627 zo—XVI.
2313 586 2370 628 c.
2423 587 2523 644 24.
2613 566 2723 628 Ex
2767 587 2850 629 ea
2894 567 3023 629 dis-

844 679 1055 742 cimus
1074 728 1088 754 ,
1158 680 1549 762 Philippum
1620 702 1775 743 cum
1843 681 2191 744 Antiocho
2253 679 2496 763 Syriae
2557 702 2726 765 rege
2786 682 3022 745 foedus

839 794 1082 858 fecisse
1125 797 1216 858 ad
1245 796 1559 879 Aegypti
1589 818 1832 880 agrum
1865 798 2079 879 copiis
2110 799 2584 879 occupandum
2611 810 2683 862 et
2705 809 3027 881 tanquam

838 912 1164 992 praedam
1239 913 1407 975 belli
1481 913 1936 976 dividendum.
2049 913 2179 976 His
2253 914 2542 995 inceptis
2617 914 2880 994 Rhodii
2955 923 3026 975 et

841 1025 1120 1090 Attalus
1163 1029 1568 1091 restiterunt.
1630 1029 1989 1111 Philippus
2019 1030 2181 1091 dum
2210 1050 2380 1092 suae
2410 1030 2622 1111 partis
2653 1029 3027 1111 capiendae

838 1143 1122 1224 cupidus
1190 1143 1432 1206 Asiam
1494 1144 1826 1207 minorem
1887 1146 2257 1208 invadebat
2274 1193 2289 1218 ,
2349 1145 2679 1227 Abydum
2725 1146 2863 1207 iam
2910 1164 3028 1225 op-

833 1261 1218 1342 pugnabat,
1266 1280 1420 1322 cum
1466 1260 2003 1323 Atheniensibus
2048 1262 2249 1324 sociis
2279 1262 2618 1324 Romanis
2642 1281 2766 1342 per
2792 1281 3029 1322 casum

835 1377 1198 1456 quemdam
1266 1376 1336 1437 in
1404 1376 1661 1439 bellum
1729 1377 1994 1451 incidit;
2058 1387 2130 1440 et
2196 1398 2320 1452 „ne
2382 1378 2706 1440 Romano
2749 1376 3029 1458 quidem

836 1493 1019 1572 quod
1079 1492 1474 1556 imminebat
1530 1492 1719 1555 bello
1764 1493 2066 1556 territus”
2085 1542 2100 1568 ‚
2148 1494 2381 1574 copias
2428 1502 2664 1556 contra
2710 1492 3028 1556 Athenas

834 1608 1031 1671 misit.
1123 1608 1270 1671 Iam
1336 1610 1572 1690 paullo
1641 1619 1801 1672 ante
1859 1610 2078 1692 legati
2140 1610 2442 1672 Romam
2498 1611 2587 1672 ad
2632 1609 3029 1690 Philippum

834 1724 923 1785 ad
969 1723 1296 1807 Abydum
1342 1735 1673 1788 venerunt
1690 1775 1704 1800 ,
1752 1726 1996 1807 quibus
2042 1726 2482 1807 querentibus
2528 1727 2713 1807 quod
2749 1725 2999 1788 Attalo
3017 1774 3032 1799 ‚

832 1840 1129 1903 Rhodiis
1146 1890 1161 1915 ‚
1227 1841 1484 1924 Abydo
1544 1862 1734 1918 arma
1790 1842 2126 1905 intulisset
2140 1892 2155 1917 ‚
2216 1843 2511 1924 superbe
2571 1842 3024 1923 responderat

833 1975 975 2018 rex.
1067 1956 1246 2020 Tum
1303 1958 1539 2021 consul
1585 1958 1944 2021 Romanus
1990 1969 2354 2021 auctumno
2400 1957 2614 2020 ferme
2662 1968 2908 2021 exacto
2960 1958 3032 2019 in

836 2072 1311 2135 Macedoniam
1361 2074 1731 2137 transmisit
1776 2085 1846 2137 et
1892 2075 2071 2137 circa
2115 2073 2562 2156 Apolloniam
2607 2073 3029 2147 hibernavit;

832 2188 931 2251 ita
973 2189 1236 2252 bellum
1279 2190 1550 2272 incepit.

920 2305 999 2368 In
1059 2307 1416 2370 annalibus
1475 2307 1729 2370 mentio
1784 2306 1973 2369 nulla
2025 2305 2106 2370 fit
2146 2307 2475 2370 Antiochi
2491 2356 2505 2381 ,
2552 2306 2996 2370 Rhodiorum
3016 2356 3030 2381 ,

832 2423 1085 2499 Attali,
1132 2423 1386 2505 Abydi.
1456 2422 1565 2485 Ex
1610 2423 1692 2485 iis
1738 2423 2058 2486 discimus
2103 2443 2239 2485 non
2269 2442 2505 2485 veram
2533 2422 2703 2485 belli
2727 2442 3028 2497 causam,

830 2540 1184 2603 Romanos
1229 2540 1623 2622 Philippum
1668 2538 2045 2620 imperandi
2090 2538 2443 2619 cupiditati
2467 2559 2630 2601 suae
2652 2538 3023 2620 indulgere

830 2656 974 2737 pati
1034 2676 1170 2718 non
1223 2656 1525 2736 potuisse
1541 2703 1556 2727 ‚
1620 2656 1743 2717 sed
1804 2654 2115 2717 audimus
2159 2663 2558 2736 praetextus
2606 2654 2849 2736 quibus
2894 2674 3026 2735 po-

830 2773 1030 2853 pulus
1074 2772 1409 2834 adductus
1456 2781 1561 2834 est
1605 2772 1695 2833 ad
1738 2771 2002 2833 bellum
2033 2771 2553 2834 decernendum.
2596 2770 3035 2853 ¹Recitantur

830 2889 898 2950 in
960 2899 1200 2951 senatu
1247 2888 1515 2951 litterae
1563 2888 1654 2950 M.
1703 2887 1969 2950 Aurelii
2012 2888 2230 2970 legati
2277 2896 2348 2950 et
2391 2887 2484 2950 M.
2531 2886 2686 2949 Val.
2733 2886 3031 2948 Laevini

829 3004 1287 3087 propraetoris
1361 3004 1436 3086 (c.
1510 3026 1545 3082 3
1620 3013 1692 3066 et
1762 3002 1853 3085 5),
1885 2990 1891 2997 ⁶
1924 3004 2056 3066 hoc
2124 3004 2473 3085 proposito
2544 3002 2837 3083 scriptae
2862 3050 2875 3075 ,
2960 3012 3033 3065 et

838 3131 1256 3204 „opportune
1316 3120 1655 3183 irritandis
1717 3121 1805 3182 ad
1863 3120 2123 3183 bellum
2184 3119 2457 3182 animis’'
2502 3119 2772 3182 adlatae
2819 3118 2870 3200 (5
2927 3118 3027 3200 5),

831 3238 1074 3319 quibus
1141 3237 1466 3319 scriptum
1535 3246 1681 3299 erat
1749 3236 2144 3319 Philippum
2212 3245 2470 3299 tantam
2539 3235 2790 3297 molem
2851 3232 3033 3296 belli

829 3374 1072 3435 parare
1088 3403 1102 3428 ,
1179 3364 1254 3417 ut
1329 3354 1510 3416 idem
1582 3372 1866 3415 ausurus
1937 3373 2088 3415 esse
2157 3352 2502 3414 videretur
2569 3350 2754 3432 quod
2822 3360 3038 3412 antea

832 3468 1150 3549 Pyrrhus,
1242 3467 1398 3530 Hoc
1462 3475 1691 3529 autem
1749 3485 2024 3547 prorsus
2084 3465 2331 3529 falsum
2396 3473 2558 3528 erat.
2654 3461 2946 3527 Constat
2993 3485 3035 3526 e

831 3584 1122 3666 Polybio
1185 3583 1575 3665 Philippum
1637 3593 1782 3646 tum
1838 3603 1925 3644 ne
1973 3582 2313 3665 cogitasse
2360 3581 2637 3662 quidem
2683 3580 2770 3641 de
2818 3579 3031 3642 classi

829 3699 898 3761 in
954 3699 1223 3762 Italiam
1285 3698 1805 3762 transmittenda
1821 3746 1836 3772 ,
1898 3698 2022 3760 sed
2082 3698 2415 3760 intentum
2458 3693 2665 3758 fuisse
2711 3695 2779 3756 in
2826 3714 3038 3757 occu-

830 3816 1071 3896 pandis
1140 3816 1384 3897 opibus
1450 3814 1766 3898 Aegypti
1835 3824 1905 3877 et
1972 3813 2216 3888 Asiae;
2287 3813 2409 3876 sed
2482 3831 2566 3874 eo
2628 3811 3034 3892 diligentius

833 3942 1109 3995 senatus
1179 3942 1249 3995 et
1318 3932 1553 3995 consul
1614 3931 1747 3994 hoc
1809 3930 2053 4012 Pyrrhi
2112 3929 2382 3992 nomine
2430 3937 2501 3991 et
2547 3928 2871 4009 exemplo
2920 3928 3035 3990 usi

832 4057 988 4109 sunt
1005 4094 1019 4122 ,
1067 4048 1249 4128 quod
1293 4047 1623 4128 populum
1668 4045 1997 4109 diuturnis
2042 4045 2244 4108 bellis
2289 4043 2569 4119 fessum,
2618 4052 2687 4106 et
2719 4043 2834 4124 qui
2866 4063 3035 4106 cum

831 4170 1151 4244 rogatum
1214 4172 1394 4226 esset
1457 4162 1805 4225 vellentne
1850 4162 2109 4224 bellurn
2155 4160 2675 4223 Macedonicum
2721 4159 2814 4221 ob
2859 4158 3036 4220 iniu-

831 4277 964 4340 rias
1025 4278 1252 4341 illatas
1314 4278 1514 4341 sociis
1576 4276 2112 4340 Atheniensibus
2156 4275 2583 4358 rogationem
2627 4275 2864 4356 primis
2910 4293 3032 4336 co-

831 4392 1035 4455 mitiis
1106 4395 1593 4476 antiquavisset
1609 4443 1623 4468 ,
1696 4414 1780 4456 ea
1845 4392 2202 4457 formidine
2271 4393 2359 4455 ad
2418 4391 2678 4455 bellum
2736 4391 3030 4454 incitare
