3375 5084
1856 342 1983 400 130

824 533 978 580 cum
1041 525 1305 580 constet
1363 513 1673 580 Silenum
1727 516 2076 579 cuiusdam
2121 515 2332 596 partis
2377 525 2726 578 auctorem
2771 512 2991 576 fuisse
3013 560 3029 585 ,

821 632 1025 714 plane
1095 633 1424 695 incertum
1492 641 1596 695 est
1658 632 1980 713 quamdiu
2039 632 2220 694 hunc
2282 641 2632 694 auctorem
2684 630 3031 711 Polybius

819 748 1111 812 tenuerit
1128 797 1142 822 ‚
1185 758 1427 812 ⁴utrum
1487 767 1613 828 per
1671 757 1890 811 totum
1948 747 2197 812 librum
2243 747 2346 809 ΠΙ
2363 795 2377 821 ,
2426 766 2513 809 an
2557 766 2685 827 per
2728 746 3029 827 primam

820 874 1082 927 tantum
1128 864 1326 927 huius
1370 864 1526 929 libri
1571 874 1852 945 partem.
1946 864 2176 927 Unum
2221 864 2428 927 etiam
2474 863 2749 944 Polybii
2789 862 3028 924 locum

820 989 1005 1043 certe
1067 981 1155 1044 ad
1217 978 1522 1044 Silenum
1583 979 1835 1043 referre
1898 999 2287 1062 possumuS,
2350 999 2596 1062 nempe
2657 978 2733 1040 P.
2790 977 2912 1040 ΠΙ.
2965 998 3025 1040 c.

824 1117 907 1174 54
955 1101 986 1172 ἕ
1038 1116 1108 1175 7,
1154 1097 1299 1160 Liv.
1346 1096 1552 1159 XXI.
1603 1117 1658 1160 c.
1710 1102 1793 1175 36
1842 1101 1873 1173 ἓ
1930 1118 1980 1159 1.
2057 1096 2290 1159 Livius
2337 1096 2516 1158 enim
2562 1094 2689 1158 ait:
2736 1103 3024 1156 ventum

820 1212 1067 1276 deinde
1129 1213 1218 1275 ad
1278 1214 1493 1276 multo
1557 1212 2021 1295 angustiorem
2082 1232 2323 1294 rupem
2341 1260 2356 1286 ,
2421 1221 2626 1293 atque
2672 1211 2769 1273 ita
2815 1209 3023 1272 rectis

821 1330 1030 1403 saxi5‚
1078 1337 1153 1392 ut
1198 1348 1408 1413 aegre
1457 1327 1810 1413 expeditus
1856 1327 2048 1392 miles
2093 1329 2621 1410 temptabundus
2676 1326 3025 1388 manibus-

820 1465 953 1527 que
1013 1444 1308 1508 retinens
1364 1446 1666 1529 virgulta
1711 1466 1793 1508 ac
1840 1446 2083 1527 stirpes
2132 1446 2310 1509 circa
2358 1444 2732 1507 eminentes
2780 1441 3022 1505 demit-

819 1568 966 1623 tere
1042 1581 1194 1624 sese
1270 1561 1552 1643 posset.”
1672 1562 2003 1644 Polybius
2080 1572 2310 1625 autem
2384 1560 2634 1624 milites
2713 1557 3022 1639 expediti

821 1676 1130 1740 consulto
1197 1677 1328 1740 hac
1395 1678 1465 1739 in
1531 1698 1606 1741 re
1675 1677 2092 1741 mentionem
2160 1697 2298 1740 non
2363 1676 2527 1740 fecit
2566 1672 2640 1757 1);
2708 1695 2828 1738 cur
2886 1675 3024 1736 hoc

821 1793 1184 1857 mutaverit
1229 1814 1504 1856 causam
1549 1795 1783 1876 paullo
1831 1804 1990 1858 ante
2037 1794 2355 1876 exposuit
2400 1793 2476 1875 (c.
2527 1813 2608 1872 47
2660 1797 2691 1868 ἓ
2727 1792 2804 1871 9),
2837 1790 3023 1872 quod

822 1910 1002 1972 enim
1060 1909 1108 1972 ii
1161 1920 1474 1975 auctores
1519 1912 1735 1975 multo
1781 1911 1978 1974 nimis
2025 1909 2459 1975 difficultates
2507 1908 2825 1972 auxerint
2844 1956 2858 1982 ‚
2906 1888 3022 1988 qui

821 2026 1166 2089 traderent
1226 2047 1311 2088 ne
1374 2025 1712 2111 expeditos
1773 2025 2020 2091 milites
2080 2027 2357 2108 quidem
2415 2024 2619 2089 facile
2688 2024 3019 2105 quosdam

822 2139 1011 2202 locos
1070 2142 1456 2225 transgredi
1517 2143 1818 2224 potuisse
1857 2143 1924 2223 2).
2023 2141 2125 2206 ΕΟ
2187 2142 2410 2224 capite
2473 2149 2702 2204 autem
2765 2159 2847 2218 47
2869 2187 2884 2213 ,
2952 2148 3026 2200 ut

822 2257 1028 2319 modo
1090 2257 1356 2320 ostendi
1371 2306 1386 2332 ,
1451 2256 1760 2322 Silenum
1819 2257 2247 2321 refutandum
2309 2255 2609 2338 suscepit
2654 2253 2988 2336 Polybius
3006 2301 3023 2325 ‚

822 2371 1050 2454 itaque
1119 2373 1277 2437 huic
1337 2376 1597 2438 auctori
1660 2395 1816 2438 cum
1877 2394 2101 2437 rerum
2161 2375 2249 2437 ab
2307 2373 2699 2436 Hannibale
2750 2372 2820 2432 in
2864 2369 3026 2431 His-

822 2488 1026 2567 pania
1075 2499 1440 2571 ⁴gestarum
1485 2499 1629 2553 tum
1675 2500 1823 2554 tota
1866 2489 2149 2573 Alpium
2195 2490 2516 2553 transitus
2562 2487 2859 2551 narratio
2905 2486 3022 2549 tri-

822 2604 1096 2666 buenda
1141 2626 1292 2668 esse
1338 2605 1623 2670 videtur.

911 2719 1195 2784 Praeter
1263 2722 1387 2785 has
1454 2733 1685 2803 partes
1756 2723 1981 2789 etiam,
2028 2723 2277 2786 multas
2343 2722 2513 2785 alias
2573 2721 2774 2784 huius
2835 2718 2991 2782 libri
3010 2767 3027 2793 ,

824 2835 1115 2917 denique
1194 2857 1430 2901 omnes
1506 2839 1750 2922 quibus
1826 2860 1935 2902 res
2008 2839 2415 2902 Hannibalis
2491 2848 2563 2902 et
2631 2838 3026 2900 Poenorum

825 2951 1292 3016 contineantur
1353 2952 1588 3019 Sileno
1652 2957 2135 3021 adscribendas
2194 2976 2343 3019 esse
2363 3004 2377 3032 ,
2425 2977 2464 3018 e
2513 2952 3027 3036 comparatione

824 3065 1001 3129 Livii
1062 3079 1217 3132 sunt
1277 3070 1393 3151 qui
1439 3071 1850 3135 coniecerint
1889 3071 1949 3154 ³).
2042 3070 2440 3136 Statuerunt
2486 3070 2667 3134 enim
2715 3067 3027 3133 Silenum

805 3266 1144 3340 plurimum
1201 3272 1492 3331 audaciae
1544 3272 1625 3332 ad
1678 3271 1942 3349 pericula
1983 3274 2349 3350 capessenda
2364 3320 2379 3347 ‚
2411 3273 2754 3348 plurimum
2799 3269 3036 3329 consilii

817 3362 972 3423 inter
1031 3365 1161 3443 ipsa
1222 3369 1485 3446 pericula
1547 3372 1733 3430 erat”.
1819 3374 1992 3432 Haec
2047 3373 2258 3433 eadem
2313 3373 2439 3432 Pol.
2497 3373 2538 3431 l.
2595 3372 2635 3430 l.
2678 3378 2708 3443 ξ
2755 3386 2785 3445 7
2832 3367 3031 3428 Sileno

818 3463 1054 3525 tribuit:
1096 3475 1246 3550 ,,ἇμα
1281 3473 1384 3549 γὰρ
1415 3475 1501 3530 τὸν
1539 3471 1782 3550 Ἀννίβαν
1810 3478 2068 3553 ἀμιμητόν
2094 3500 2211 3534 τινα
2240 3477 2712 3553 παρειςαγαγόντες
2737 3471 3033 3549 στρατηγὸν

822 3569 910 3623 καὶ
948 3569 1162 3649 τόλμῃ
1207 3572 1294 3627 καὶ
1331 3577 1640 3649 προνοίᾳ.
3036 3646 3041 3649 ,

917 3661 958 3741 ¹)
999 3661 1104 3721 Ait
1147 3664 1303 3723 enim
1349 3682 1425 3742 54
1465 3674 1493 3738 ξ
1539 3685 1604 3742 7:
1649 3674 1763 3749 ἅμα
1799 3673 1859 3730 δὲ
1894 3682 1965 3748 τῷ
2003 3677 2399 3750 παραγενέσθαι
2434 3673 2562 3750 πρὸς
2584 3679 2820 3731 τοιοῦτον
2847 3672 3034 3738 τόπον,

823 3762 877 3819 ὃν
930 3764 1044 3823 οὔτε
1091 3776 1201 3832 τοῖς
1246 3773 1455 3844 θηρίοις
1492 3768 1608 3828 οὔτε
1643 3779 1751 3836 τοῖς
1787 3771 2086 3847 ὑποζυγίοις
2122 3771 2339 3829 δυνατὸν
2379 3769 2444 3832 ἦν
2484 3771 2769 3846 παρελθεῖν
2810 3770 2902 3826 διὰ
2937 3771 3039 3830 τὴν

826 3865 1111 3924 στενότητα
1136 3907 1150 3922 .
1177 3903 1195 3923 .
1222 3908 1234 3919 .

909 3955 960 4038 2)
1004 3962 1316 4039 ὑποθέμενοι
1352 3965 1456 4043 γὰρ
1493 3966 1586 4031 τὰς
1622 3967 1964 4044 ἐρυμνότητας
1999 3970 2088 4024 καὶ
2125 3972 2457 4045 τραχύτητας
2491 3977 2593 4025 τῶν
2617 3964 2877 4026 Ἀλπίνων
2906 3970 3040 4043 ὀρῶν

828 4063 1071 4126 τοιαύτας
1107 4064 1238 4120 ὥστε
1273 4065 1343 4139 μὴ
1385 4059 1492 4120 οἷον
1530 4066 1717 4129 ἵππους
1752 4066 1841 4121 καὶ
1878 4067 2207 4141 στρατόπεδα
2226 4110 2240 4135 ,
2283 4067 2375 4123 σὺν
2416 4067 2475 4125 δὲ
2512 4070 2714 4132 τούτοις
2737 4068 3041 4143 ἐλέφαντας,

827 4158 964 4214 ἀλλὰ
1000 4160 1135 4235 μηδὲ
1169 4160 1414 4227 πεζούς
1448 4164 1777 4228 εὐζώνους
1812 4165 2032 4239 εὐχερῶς
2069 4162 2132 4220 ἂν
2172 4165 2424 4223 διελθεῖν.
2501 4162 2687 4221 Hunc
2728 4162 2933 4222 locum
2974 4172 3043 4222 et

831 4251 997 4312 illum
1037 4252 1262 4330 primus
1305 4256 1486 4315 credo
1527 4253 1813 4316 indicavit
1855 4256 2100 4318 Nitzsch
2143 4260 2320 4319 Rom.
2365 4263 2525 4320 Ann.
2568 4280 2630 4338 p.
2682 4281 2775 4334 14.

919 4349 967 4430 3>
1009 4353 1289 4412 Bottcher
1331 4354 1367 4413 1.
1411 4354 1449 4413 l.
