3375 5084
1496 332 1619 404 265

476 517 827 602 Spartanis
888 519 1216 581 solvenda
1278 520 1375 581 eis
1436 520 1718 583 remissa
1764 530 1867 584 est
1907 516 1966 603 ¹).
2059 519 2200 586 Sed
2245 543 2653 605 quamquam

472 636 803 699 libertatis
848 636 1146 718 speciem
1193 637 1485 719 adeptae
1531 647 1688 700 sunt
1704 686 1719 712 ,
1750 658 1972 719 neque
2000 636 2381 721 provinciae
2404 659 2651 702 nomen

469 752 781 816 Achaiae
827 752 1259 816 tribuendum
1305 774 1454 816 esse
1500 754 1797 830 videtur,
1846 755 2392 837 quandoquidem
2437 757 2652 839 magi-

469 879 718 932 stratus
766 868 1122 931 Romanos
1166 888 1291 950 pro
1324 878 1637 950 praetore
1669 870 1739 932 in
1768 870 2319 951 Peloponnesum
2351 892 2393 934 a
2414 881 2656 935 senatu

468 985 707 1048 missos
769 1006 919 1048 esse
982 993 1139 1047 ante
1200 984 1595 1067 Augustum
1655 1006 1793 1049 non
1837 996 2122 1068 apparet
2170 985 2245 1067 ²),
2293 996 2521 1051 tamen
2566 990 2655 1051 ad

467 1121 624 1164 eum
689 1101 806 1183 qui
872 1101 942 1164 in
1010 1101 1418 1165 Macedonia
1484 1122 1610 1184 pro
1669 1111 1985 1184 praetore
2049 1112 2196 1166 erat
2210 1152 2225 1178 ,
2284 1105 2653 1168 nonnullae

468 1238 712 1280 causae
775 1218 1181 1299 oppidorum
1241 1217 1634 1281 referendae
1696 1227 1888 1281 erant
1928 1216 1970 1300 ³)
1990 1267 2004 1293 ,
2065 1219 2294 1301 itaque
2342 1240 2505 1283 cura
2548 1240 2649 1284 re-

467 1347 615 1398 rum
672 1333 984 1396 Achaiae
1042 1343 1190 1396 erat
1233 1354 1392 1415 pars
1445 1334 1904 1416 „provinciae”
1948 1336 2281 1417 praetoris
2327 1335 2651 1406 Macedo-

466 1449 651 1525 niae;
713 1450 835 1512 sed
900 1470 984 1512 ea
1029 1468 1191 1512 cura
1236 1450 1324 1513 ad
1370 1447 1688 1532 Spartam
1732 1471 1868 1513 non
1912 1451 2316 1533 pertinuisse
2362 1452 2647 1516 videtur.

470 1565 669 1629 Certe
712 1586 851 1628 non
895 1566 1183 1648 quadrat
1227 1565 1398 1629 illud
1450 1567 1747 1642 „eisdem
1793 1568 2065 1651 legibus
2082 1616 2098 1644 ,
2143 1569 2653 1652 magistratibus

469 1683 920 1757 senatoribu5‚
976 1682 1361 1747 iudicibus’'.

556 1799 886 1862 Nummos
943 1808 1308 1883 argenteos
1354 1809 1511 1882 post
1565 1823 1587 1863 1
1603 1806 1686 1879 46
1736 1803 1825 1864 ab
1869 1800 2150 1866 urbibus
2197 1802 2653 1884 Peloponnesi

466 1935 602 1979 non
646 1916 936 1997 amplius
979 1936 1340 1997 percussos
1387 1936 1538 1980 esse
1585 1917 1912 1980 credibile
1957 1926 2062 1981 est
2079 1966 2093 1992 ,
2143 1937 2297 1981 cum
2331 1918 2466 1980 iam
2498 1927 2655 2000 post

478 2054 499 2093 1
514 2037 594 2111 67
644 2031 715 2094 in
759 2031 1166 2095 Macedonia
1209 2032 1466 2095 nummi
1512 2033 1823 2115 argentei
1865 2032 1995 2097 nisi
2025 2033 2355 2114 impresso
2382 2034 2654 2100 nomine

467 2147 799 2228 praetoris
854 2148 969 2210 vel
1029 2147 1404 2229 quaestoris
1465 2148 1768 2210 Romani
1811 2148 1979 2212 nulli
2023 2149 2327 2230 percussi
2370 2149 2505 2213 sint
2522 2198 2537 2224 ,
2585 2159 2656 2213 et

468 2262 537 2325 id
581 2271 843 2325 tantum
886 2262 956 2324 in
1003 2261 1261 2343 aliquot
1304 2262 1616 2337 urbibus3
1667 2262 1979 2325 denarius
2009 2263 2367 2330 Romanus
2401 2264 2651 2327 sensim

468 2378 537 2441 in
585 2376 943 2442 Graeciam
990 2386 1060 2440 et
1102 2375 1344 2440 Asiam
1389 2377 1699 2440 invectus
1746 2386 1850 2440 est
1864 2426 1878 2453 ,
1929 2379 2037 2441 cui
2083 2379 2405 2442 drachme
2449 2379 2656 2443 attica

470 2515 594 2577 par
656 2503 804 2557 erat
839 2493 916 2575 4);
978 2495 1103 2557 sed
1157 2489 1303 2556 fie‘ri
1357 2514 1494 2557 non
1534 2503 1768 2576 ‘potest
1812 2503 1889 2557 ut
1932 2495 2019 2558 de
2064 2503 2373 2577 tempore
2420 2496 2653 2578 loqua-

469 2621 578 2674 tur
637 2611 970 2693 Polybius
1031 2630 1167 2692 quo
1214 2611 1526 2674 denarius
1573 2611 1931 2674 Romanus
1977 2612 2112 2674 iam
2157 2612 2361 2675 tritus
2398 2620 2468 2674 et
2513 2631 2652 2675 om-

468 2728 666 2791 nibus
723 2728 1009 2791 usitatus
1052 2726 1209 2803 fuit3
1258 2728 1462 2791 etiam
1507 2728 1679 2791 haec
1725 2730 1940 2791 verba
1993 2728 2286 2804 „eisdem
2330 2728 2655 2791 nummis''

471 2853 781 2925 spectare
843 2842 1008 2906 mihi
1061 2843 1376 2906 videntur
1421 2845 1510 2906 ad
1554 2852 1824 2926 tempus
1870 2854 2027 2907 ante
2082 2866 2104 2906 1
2119 2848 2202 2922 46
2224 2892 2239 2918 ,
2286 2845 2375 2908 ad
2420 2864 2653 2908 mone-

472 2971 614 3024 tam
660 2957 1020 3024 Societatis
1065 2958 1434 3024 Achaicae.

558 3075 914 3138 Neminem
981 3074 1222 3158 fugere
1282 3084 1512 3158 potest
1528 3124 1543 3153 ‚
1607 3076 2040 3140 concordiam
2099 3076 2557 3158 Peloponnesi
2614 3098 2654 3140 e

471 3200 697 3254 mente
772 3191 1047 3273 Polybii
1111 3191 1488 3255 institutam
1565 3212 1715 3256 esse
1784 3212 1843 3254 a.
1922 3214 1944 3254 1
1960 3197 2041 3271 83
2113 3213 2155 3255 a
2221 3192 2520 3275 Lycorta
2586 3202 2659 3256 et

470 3308 703 3371 amicis
772 3308 917 3398 eius
932 3356 947 3383 ,
1017 3308 1191 3372 inter
1257 3328 1428 3390 quos
1495 3308 1642 3391 ipse
1703 3308 2051 3390 Polybius,
2141 3308 2242 3378 At
2310 3311 2654 3391 quomodo

468 3423 613 3487 fieri
681 3424 905 3506 potuit
971 3433 1046 3487 ut
1112 3445 1171 3487 a.
1247 3447 1269 3490 1
1285 3446 1369 3502 4o
1431 3426 1518 3488 de
1574 3424 1775 3488 huius
1831 3425 2234 3489 concordiae
2281 3425 2654 3489 commodis

471 3541 746 3622 copiose
792 3542 1184 3622 loqueretur
1227 3541 1414 3604 nulla
1460 3540 1801 3605 mentione
1847 3540 2028 3606 facta
2074 3562 2299 3605 rerum
2330 3541 2485 3604 anni
2525 3564 2547 3604 1
2561 3562 2643 3622 47

474 3664 544 3718 et
621 3677 643 3716 1
658 3660 740 3734 46
759 3704 774 3731 ,
844 3656 958 3737 qui
1028 3656 1254 3719 omnia
1314 3677 1399 3719 ea
1459 3658 1903 3721 turbaverunt
1918 3705 1933 3734 ‚
1995 3658 2238 3739 quibus
2302 3654 2553 3740 Sparta
2615 3677 2657 3720 a

555 3970 609 4052 J)
648 3972 821 4030 PauS.
865 3972 1001 4029 VH.
1050 3973 1122 4030 16
1164 3978 1193 4042 ξ,
1238 3986 1310 4045 7.-

553 4069 605 4152 2)
646 4072 797 4130 Plut.
844 4069 997 4131 Cim.
1041 4089 1095 4129 c.
1144 4091 1195 4129 2.

556 4170 605 4252 3>
647 4173 983 4231 Mommsen
1023 4171 1062 4229 1.
1103 4171 1142 4229 1.
1188 4169 1435 4229 Hertzb.
1480 4188 1540 4246 p.
1588 4188 1724 4246 294.

490 4273 494 4277 *
554 4268 602 4348 4)
647 4272 740 4329 De
815 4267 904 4328 his
971 4268 1087 4328 vid.
1158 4270 1495 4328 Mommsen
1564 4268 1777 4328 Gesch.
1845 4268 1950 4328 des
2011 4269 2188 4327 Rom.
2251 4268 2659 4328 Munzwesens

471 4390 530 4446 p.
581 4387 648 4443 71
699 4388 848 4447 sqq„
891 4389 948 4446 p.
994 4371 1108 4446 692
1154 4387 1283 4445 sqq.
