3375 5084
1816 342 1934 397 106

776 531 890 594 τὸν
938 526 1186 614 ’Ἴβηρα
1238 531 1310 593 οὐ
1362 528 1499 596 δεῖν
1558 532 1661 592 ἐπὶ
1714 525 1974 611 πολέμῳ
2024 530 2419 614 διαβαίνειν.
2514 527 2632 589 ΙΠ.
2689 547 2761 604 15
2817 532 2848 602 ἓ
2901 545 2975 602 5;

783 651 862 708 26
929 653 959 722 ἕ
1026 653 1090 723 8;
1169 669 1248 726 29
1307 653 1337 723 ἓ
1400 669 1457 724 3.
1549 647 1659 709 De
1708 644 2022 729 Sagunto
2067 647 2235 709 nihil
2282 646 2350 707 in
2398 666 2482 707 eo
2527 653 2803 727 pactum
2850 651 2978 704 est.

869 760 945 825 Si
1036 763 1106 825 in
1193 762 1472 825 foedere
1554 762 2006 825 Hasdrubalis
2083 764 2168 825 de
2246 745 2642 844 Saguntinis
2717 758 2981 821 mentio

776 878 1023 942 iniecta
1090 900 1226 941 non
1295 888 1430 953 est,
1503 879 2017 961 oppugnatione
2089 876 2384 960 Sagunti
2444 896 2579 939 non
2639 875 2982 938 violatum

776 1003 880 1056 est
944 995 1117 1057 illud
1176 994 1435 1057 foedus.
1527 995 1791 1057 Tamen
1853 996 2038 1075 apud
2089 994 2457 1075 Polybium
2502 991 2642 1074 (III.
2695 1012 2767 1052 21
2827 995 2858 1066 ἓ
2924 988 2980 1069 1)

768 1110 819 1175 -ii
883 1110 1001 1190 qui
1060 1130 1185 1191 pro
1246 1110 1497 1172 Poenis
1558 1111 1772 1172 verba
1832 1109 2087 1172 faciunt
2147 1110 2236 1171 ad
2290 1108 2563 1191 legatos
2609 1107 2979 1170 Romanos

777 1227 1017 1289 missos
1079 1227 1168 1288 ad
1229 1246 1338 1288 res
1398 1227 1822 1307 repetendas·
1868 1246 1993 1308 pro
2059 1224 2458 1308 Saguntinis
2477 1272 2493 1299 ‚
2557 1225 2653 1286 ita
2700 1221 2985 1304 culpam

775 1341 1072 1405 foederis
1139 1342 1378 1405 violati
1447 1364 1489 1405 a
1550 1343 1816 1406 civibus
1877 1343 2015 1405 suis
2074 1342 2439 1405 defendere
2488 1349 2852 1413 conantur,
2901 1347 2986 1400 ut

775 1468 1036 1541 negent
1098 1458 1268 1520 illud
1313 1458 1553 1522 foedus
1599 1459 2053 1522 Hasdrubalis
2101 1468 2218 1521 aut
2262 1458 2517 1521 factum
2567 1477 2721 1519 esse
2767 1464 2890 1518 aut
2938 1475 2990 1516 a

777 1572 1037 1637 Senatu
1098 1595 1220 1637 suo
1281 1577 1644 1656 probatum
1703 1575 1928 1639 fuisse.
2019 1576 2352 1657 Polybius
2414 1575 2574 1656 quia
2633 1573 2768 1635 hoc
2815 1573 2982 1634 loco

764 1695 908 1752 -non
958 1691 1309 1753 adnotavit
1357 1691 1943 1774 oppugnationem
1991 1689 2286 1774 Sagunti
2330 1710 2468 1752 non
2518 1689 2865 1771 pertinere
2892 1687 2994 1749 ad

774 1805 1017 1869 foedus
1101 1806 1553 1870 Hasdrubalis
1570 1857 1584 1883 ,
1669 1809 2019 1889 putavisse
2096 1808 2367 1870 videtur
2442 1803 2833 1888 Saguntum
2872 1806 2877 1810 “
2911 1803 2990 1865 in

774 1931 970 2003 parte
1034 1920 1565 2003 Septentrionali
1626 1923 1918 1986 fluminis
1980 1924 2160 1986 Iberi
2225 1923 2427 1986 situm
2491 1942 2643 1984 esse
2663 1970 2678 1996 ‚
2742 1921 2988 2001 itaque

775 2039 1016 2100 urbem
1085 2038 1154 2101 in
1215 2039 1349 2102 hoc
1408 2039 1649 2103 foedus
1708 2022 1971 2103 cadere.
2062 2040 2153 2103 Et
2205 2040 2276 2102 id
2322 2039 2574 2102 diserte
2624 2037 2791 2100 dicit
2839 2036 2988 2098 alio

776 2155 930 2216 1000
969 2153 1029 2235 ¹).
2043 2152 2049 2158 ’

865 2269 1182 2352 Apparet
1225 2272 1356 2363 hac
1401 2271 1470 2333 in
1516 2291 1589 2333 re
1638 2271 2018 2334 deseruisse
2065 2270 2434 2352 Polybium
2480 2289 2636 2332 eam
2685 2267 2992 2350 diligen-

776 2387 941 2449 tiam
1006 2407 1214 2468 quam
1285 2388 1489 2450 etiam
1558 2389 1626 2449 in
1690 2390 1894 2451 rebus
1955 2388 2324 2451 levioribus
2387 2381 2717 2450 adhibere
2766 2386 2951 2448 solet
2970 2433 2989 2460 ,

774 2523 911 2565 non
971 2503 1143 2566 vidit
1200 2525 1274 2566 se
1322 2505 1660 2567 contraria
1705 2504 2008 2567 miscere.
2099 2505 2327 2567 Probe
2376 2510 2809 2587 cognoverat
2857 2498 2991 2565 Sa-

776 2628 1065 2701 guntum
1128 2620 1197 2681 in
1256 2629 1450 2701 parte
1497 2619 1923 2682 meridionali
1968 2620 2150 2683 Iberi
2195 2619 2490 2682 fluminis
2537 2619 2746 2681 situm
2794 2638 2952 2680 esse
2974 2666 2992 2692 ,

776 2734 845 2796 id
907 2744 1193 2815 apparet
1253 2756 1292 2797 e
1341 2735 1495 2797 1000
1543 2712 1746 2817 quem
1791 2737 2083 2817 primum
2129 2736 2333 2798 modo
2381 2734 2698 2809 laudavi;
2747 2744 2995 2796 tamen

777 2860 1020 2931 postea
1061 2851 1156 2913 ait
1186 2851 1699 2932 oppugnatione
1734 2848 2025 2932 Sagunti
2056 2850 2316 2913 laesum
2350 2871 2501 2913 esse
2535 2851 2707 2914 illud
2733 2844 2994 2912 foedus

776 2967 963 3047 quod
1024 2967 1295 3029 Poenos
1356 2972 1781 3033 vetaret*2·dv
1839 2965 2084 3052 Ἴβηρα
2135 2967 2532 3052 διαβαίνειν.
2627 2964 2724 3049 Si·
2755 2966 2998 3028 omnia

778 3101 954 3161 quae
981 3052 987 3068 ε
1017 3083 1103 3144 de
1166 3081 1555 3144 foederibus
1607 3082 1863 3145 Lutatii
1910 3092 1980 3145 et
2024 3082 2478 3145 Hasdrubalis
2526 3082 2804 3144 disserit
2849 3081 3001 3143 Po-

777 3178 1037 3277 lybiuS,
1101 3199 1188 3259 ab
1249 3198 1398 3278 ipso
1434 3199 1738 3282 ⁷inventa
1801 3207 1869 3260 et
1931 3199 2308 3280 composita
2369 3208 2554 3273 sunt,
2609 3199 2997 3288 admodum

777 3312 1021 3373 mirum
1076 3321 1180 3374 est
1224 3313 1403 3375 hunc
1454 3333 1750 3375 errorem
1798 3334 1953 3375 eum
1999 3312 2258 3396 fugisse
2277 3363 2292 3388 ,
2339 3314 2503 3394 quin
2550 3314 2766 3377 etiam
2813 3311 2998 3375 fides

780 3429 925 3490 eius
996 3427 1448 3492 labefactetur
1513 3450 1794 3492 necesse
1867 3439 2000 3504 est,
2073 3430 2234 3510 quia
2294 3430 2598 3511 speciem
2669 3449 2995 3492 summae

764 3522 1186 3625 'diligentiae
1270 3545 1339 3606 in
1419 3545 1524 3607 his
1599 3546 1804 3607 rebus
1871 3545 2374 3627 perscrutandis
2444 3554 2751 3608 ostentat
2821 3548 2998 3628 (rem

779 3660 959 3721 enim
1022 3660 1220 3722 duxit
1279 3681 1405 3741 per
1467 3684 1507 3739 4
1572 3662 1829 3742 capita,
1900 3682 2015 3736 21,
2075 3683 2190 3740 29,
2241 3684 2359 3740 30,
2409 3661 2532 3744 31).
2629 3660 2778 3726 Sed
2824 3661 3002 3725 satis

868 3875 907 3956 ¹)
948 3878 1054 3935 ΙΙΙ.
1102 3897 1153 3935 0.
1202 3897 1278 3954 30
1321 3885 1349 3949 ξ
1392 3873 1460 3954 3ἐ
1506 3883 1684 3958 διόπερ
1723 3885 1767 3940 εἰ
1804 3887 1893 3959 μέν
1931 3907 2007 3948 τις
2041 3887 2136 3944 τὴν
2164 3877 2466 3949 ’Ζακάνθης
2504 3885 2773 3942 ἀπώλειαν
2814 3888 3004 3942 αἰτίαν

770 3987 863 4036 τοῦ
900 3981 1156 4056 πολέμου,
1199 3985 1561 4061 συγχωρητέον
1600 3981 1794 4046 ἀδίκως
1829 3983 2184 4057 ἐξενηνοχέναι
2220 3981 2306 4037 τὀν
2347 3983 2570 4058 πόλεμον
2593 3983 3008 4060 Καρχηδονίους

772 4082 908 4133 κατά
963 4101 1018 4134 τε
1072 4078 1166 4141 τὰς
1218 4079 1303 4134 ἐπὶ
1361 4081 1648 4134 Λουτατίου
1705 4083 1975 4142 συνθήκας
2035 4073 2174 4153 (hoc
2235 4084 2397 4136 recte
2455 4095 2517 4134 se
2573 4077 2793 4150 habet,
2854 4098 3006 4137 nam

771 4170 1009 4230 foedere
1052 4170 1273 4230 Lutatii
1316 4179 1676 4230 conventum
1721 4182 1847 4230 erat
1888 4181 1955 4231 ut
1997 4191 2033 4230 a
2075 4172 2246 4233 sociis
2289 4175 2716 4258 abstineretur)
2759 4188 2902 4239 κατά
2940 4207 3002 4240 τε

774 4274 866 4336 τὰς
922 4269 996 4327 ἐπ’
1050 4268 1409 4348 Ἀσδρούβου,
1471 4269 1596 4329 καθ’
1655 4276 1717 4338 ἅς
1764 4277 1856 4330 οὐκ
1905 4275 2009 4331 ἔδει
2059 4275 2348 4352 διαβαίνειν
2398 4279 2485 4334 τὸν
2518 4273 2714 4356 Ἴβηρα
2753 4283 3001 4358 ποταμὸν

776 4371 861 4425 ἐπὶ
900 4371 1102 4444 πολέμώ
1140 4370 1549 4446 Καρχηδονίους.
