3375 5084
1927 374 2047 452 178

891 566 1038 647 ipse
1101 565 1421 646 exposuit
1437 613 1451 640 ,
1515 575 1701 629 certe
1761 566 2035 635 Romae
2097 567 2370 629 demum
2428 567 2729 647 suscepit
2745 615 2759 641 ‚
2816 566 3064 628 scilicet

889 690 965 743 ut
1024 682 1440 744 describeret
1497 681 1614 763 qui
1658 681 1915 745 factum
1962 692 2145 745 esset
2190 691 2265 745 ut
2309 683 2531 764 spatio
2580 682 3063 764 quinquaginta

884 796 1088 860 trium
1177 816 1503 859 annorum
1590 796 1647 879 (2
1667 798 1990 880 19—167)
2076 798 2464 880 respublica
2538 798 2859 861 Romana
2930 795 3065 859 fere

885 921 1104 975 totum
1166 914 1402 975 orbem
1463 913 1818 995 cognitum
1877 916 2004 976 sub
2064 914 2388 997 ditionem
2433 934 2625 977 suam
2672 912 3060 995 redegisset.

888 1027 1089 1110 Quod
1163 1029 1269 1091 his
1344 1029 1536 1092 annis
1601 1029 1686 1091 in‘
1740 1029 1950 1092 exilio
2019 1031 2292 1094 Romae
2362 1030 2726 1112 comperit,
2794 1030 2866 1092 id
2934 1028 3063 1091 suis

883 1144 1324 1226 popularibus
1370 1145 1731 1209 ostendere
1776 1146 2059 1209 induxit.
2150 1136 2374 1209 Multa
2429 1155 2622 1210 erant
2667 1165 2844 1227 quae
2888 1164 3063 1207 nova
3107 1186 3113 1192 -

884 1269 956 1322 et
1014 1260 1318 1323 inaudita
1382 1261 1447 1323 ei
1493 1270 1720 1324 essent
1736 1310 1751 1336 ‚
1798 1261 2014 1324 multa
2058 1282 2234 1343 quae
2281 1261 2798 1324 admirationem
2841 1280 3065 1322 move-

881 1385 1050 1438 rent.
1138 1376 1249 1439 Ac
1309 1376 1600 1457 primum
1671 1378 1948 1460 quidem
1992 1378 2409 1461 reipublicae
2456 1377 2743 1440 formam
2788 1377 3068 1439 multum

882 1492 1178 1554 valuisse
1245 1492 1420 1556 vidit
1480 1494 1569 1556 ad
1626 1493 1944 1576 ingentes
2004 1495 2162 1557 illos
2221 1494 2488 1576 imperii
2549 1513 2957 1576 progressus
3008 1492 3069 1572 ¹),

884 1619 955 1672 et
1013 1608 1346 1673 rationem
1405 1611 1670 1692 imperii
1733 1611 2071 1674 distributi
2119 1611 2296 1675 inter
2340 1612 2658 1675 consules
2675 1659 2688 1683 ‚
2737 1618 3071 1680 senatum,

885 1725 1158 1788 comitia
1225 1726 1547 1789 describit
1614 1726 1884 1809 qualem
1945 1727 2201 1790 homini
2260 1727 2628 1809 peregrino
2687 1735 2757 1789 et
2803 1724 3065 1789 Graeco

883 1841 1000 1922 qui
1021 1907 1025 1911 ,
1044 1843 1385 1923 quomodo
1431 1842 1706 1924 singula
1747 1842 2054 1906 instituta
2089 1864 2129 1906 e
2160 1843 2623 1937 superioribus
2653 1841 3068 1924 reipublicae

881 1956 1114 2020 formis
1159 1958 1409 2020 sensim
1456 1959 1921 2022 emanaverint
1965 1979 2103 2022 non
2146 1961 2353 2041 plane
2403 1968 2828 2040 compertum
2863 1959 3072 2020 habe-

883 2082 1013 2148 ret,
1060 2083 1205 2136 tum
1233 2058 1582 2156 'apparere
1630 2074 1869 2137 debuit
1908 2074 1969 2156 ²).
2063 2075 2143 2137 In
2190 2076 2675 2158 cognoscenda
2721 2084 2866 2137 arte
2909 2073 3073 2136 mili-

883 2189 1012 2251 tari
1055 2189 1527 2253 Romanorum
1573 2210 1898 2273 magnam
1944 2211 2226 2272 operam
2255 2193 2484 2274 posuit
2512 2191 2844 2273 Polybius
2879 2190 3071 2272 (hanc

882 2304 1185 2385 inprimis
1227 2305 1589 2369 utilitatem
1622 2307 2045 2388 comparavit
2077 2328 2168 2370 ex
2189 2307 2541 2371 itineribus
2568 2327 2725 2371 cum
2749 2304 3071 2388 Scipione

881 2420 1130 2502 factis),
1176 2422 1245 2483 in
1292 2422 1547 2486 dilectu
1596 2432 1666 2486 et
1712 2421 1937 2487 officio
1985 2424 2274 2487 militum
2315 2423 2386 2505 ³),
2433 2425 2503 2486 in
2531 2425 2793 2486 ratione
2820 2432 3072 2487 castro-

883 2554 1030 2599 rum
1068 2535 1144 2618 4),
1206 2537 1545 2600 vallorum
1581 2538 1658 2617 ⁵),
1721 2558 2001 2622 pugnae
2035 2538 2112 2619 ⁰);
2172 2540 2352 2603 solet
2394 2540 2465 2601 in
2510 2539 2617 2602 his
2660 2540 2866 2602 rebus
2919 2558 3073 2602 con-

883 2653 1309 2716 suetudinem
1393 2653 1867 2717 Romanorum
1947 2676 2101 2719 cum
2179 2654 2600 2721 Graecorum
2677 2673 3073 2736 comparare

883 2768 1160 2850 eiusque
1204 2770 1691 2850 praestantiam
1738 2771 2096 2834 ostendere
2131 2770 2196 2853 ⁷).
2246 2808 2330 2817 —-
2377 2771 2836 2834 Laudationes
2881 2770 3068 2834 fune-

880 2885 1038 2946 bres
1107 2904 1275 2966 quas
1335 2885 1405 2948 in
1462 2884 1612 2949 foro
1674 2887 1935 2950 audivit
1997 2888 2358 2970 egregium
2419 2888 2776 2951 iuvenibus
2838 2887 3074 2950 incita-

883 3009 1186 3062 mentum
1232 3020 1381 3063 esse
1428 3001 1599 3064 vidit
1614 3050 1628 3076 ‚
1677 3011 1749 3065 et
1795 3023 1948 3066 cum
1995 3003 2441 3067 admiratione
2488 3024 2606 3067 eas
2652 3003 2981 3067 describit
3016 3001 3073 3082 ⁸).

882 3113 1189 3200 Virtutes
1234 3116 1707 3180 Romanorum
1753 3138 1838 3180 eo
1885 3119 2252 3182 maioribus
2299 3120 2639 3183 laudibus'
2661 3118 2860 3183 effert
2877 3169 2893 3195 ‚
2942 3140 3072 3202 quo

884 3231 1106 3314 magis
1152 3252 1268 3294 eas
1314 3252 1356 3294 a
1403 3230 1684 3297 Graecis
1729 3234 2085 3316 neglectas
2123 3244 2193 3299 et
2225 3256 2383 3298 cum
2405 3236 2713 3317 potentia
2738 3234 3071 3299 Graeciae

882 3345 1188 3410 labefieri
1232 3348 1526 3424 viderat;
1577 3349 1837 3413 cultum
1884 3359 1954 3414 et
1998 3360 2253 3414 metum
2292 3353 2588 3438 deorum
2623 3350 2695 3432 9),
2742 3350 3076 3414 fortitudi-

962 3615 2064 3796 ¹3{.{71{.c.2§6,c.118§9.

1321 3737 1575 3796 11—19.

970 3814 1019 3896 3)
1060 3817 1125 3875 P.
1169 3819 1274 3875 VI.
1317 3837 1371 3876 e.
1423 3837 1679 3895 19—42.

967 3914 1018 3996 4)
1062 3915 1214 3975 Ibid.

965 4013 1016 4095 5>
1056 4016 1122 4074 P.
1167 4016 1389 4074 XVIII.
1440 4018 1513 4074 18
1556 4025 1615 4075 et
1656 4018 1763 4074 VI.
1806 4016 1842 4073 l.
1889 4017 1927 4075 1.

967 4112 1768 4194 ⁶)P.11.33§6etV1.

973 4210 1017 4292 7)
1059 4214 1164 4271 VI.
1209 4233 1261 4271 c.
1306 4234 1416 4288 423
1461 4215 1686 4272 XVIII.
1737 4216 1828 4273 18.

970 4308 1020 4391 Θ)
1060 4312 1127 4368 P·
1171 4313 1275 4371 VI·
1324 4329 1579 4390 53-55-

970 4407 1019 4488 ⁰)
1060 4411 1124 4466 P.
1179 4412 1274 4469 VI.
1321 4414 1395 4485 56
1438 4419 1466 4483 ξ
1510 4415 1545 4470 6
1587 4431 1716 4488 sqq.
