3375 5084
1833 339 1953 379 110

792 514 860 575 in
907 511 1322 575 orationibus
1369 513 1625 575 maiore
1657 511 1937 574 licentia
1965 511 2095 573 sibi
2132 512 2320 585 data,
2344 510 2614 572 Poenos
2637 508 2707 569 id
2732 507 2992 579 diserte·

792 627 1191 691 confitentes
1252 627 1435 691 facit.
1526 628 1624 690 Ut
1680 628 1891 709 igitur
1936 626 2265 709 Polybius
2311 624 2795 708 neglegentiae
2843 622 2984 684 cul-

790 765 951 826 pam
1022 745 1436 807 contraxerit
1458 794 1472 819 ‚
1543 744 1778 806 Livius
1845 742 2099 806 fraudis
2168 743 2444 805 crimine
2517 739 2782 803 absolvi
2847 757 2990 799 non

788 880 992 941 posse
1036 860 1327 923 videtur.

880 975 1054 1038 Eum
1124 986 1353 1039 autem
1414 985 1790 1072 auctorem⁸
1827 976 1975 1057 qui,
2039 995 2192 1038 cum
2241 975 2552 1038 crederet
2595 970 2990 1054 Saguntum

789 1092 859 1154 in
918 1102 1114 1173 parte
1177 1091 1656 1174 septentionali
1716 1092 1898 1155 Iberi
1957 1091 2247 1154 fluminis
2308 1092 2511 1154 situm
2569 1108 2719 1152 esse
2737 1137 2752 1163 ,
2797 1096 2995 1149 recta

791 1216 861 1271 et
937 1219 1142 1271 acuta
1200 1209 1792 1291 argumentatione
1853 1209 2171 1291 probavit
2231 1207 2472 1271 foedus
2532 1202 2990 1270 Hasdrubalis

789 1333 1011 1386 ratum
1088 1344 1239 1387 esse
1314 1324 1607 1406 ideoque
1690 1325 2019 1387 violatum
2044 1373 2057 1399 ‚
2134 1324 2335 1386 simul
2410 1321 2652 1386 foedus
2728 1318 2994 1384 Lutatii

791 1438 999 1502 etiam
1061 1439 1392 1502 violatum
1454 1461 1606 1503 esse
1667 1461 1711 1504 a
1762 1440 2013 1503 Poenis
2031 1489 2045 1515 ,
2092 1414 2380 1503 Fabium
2428 1460 2578 1503 esse
2625 1436 2791 1500 mihi
2833 1454 2992 1518 per-

790 1574 1063 1618 suasum
1130 1566 1250 1619 est.
1344 1555 1626 1620 Constat
1690 1577 1842 1620 eam
1905 1556 2566 1640 argumentationem
2630 1575 2780 1617 esse
2819 1553 2992 1615 Ro-

790 1672 969 1735 mani
1028 1672 1391 1754 scriptoris
1484 1673 1758 1736 Deinde
1807 1675 1993 1754 quod
2038 1673 2259 1736 solum
2305 1673 2468 1735 satis
2514 1692 2660 1734 rem
2705 1671 2955 1752 probat
2974 1717 2992 1743 ,

791 1789 1103 1851 novimus
1148 1789 1436 1852 Fabium
1484 1790 1912 1853 contendisse
1929 1839 1943 1865 ‚
1977 1786 2278 1878 iniurias
2311 1785 2721 1872 Saguntinis
2743 1784 3000 1848 allatas

793 1901 1013 1972 fuisse
1074 1926 1347 1969 causam
1409 1906 1657 1968 iustam
1703 1906 1904 1968 huius
1950 1906 2120 1968 belli
2161 1902 2218 1987 1).
2311 1905 2403 1967 Iis
2450 1903 2679 1966 verbis
2728 1898 2998 1981 λέγεται

792 2019 860 2084 δὲ
926 2017 1245 2096 πολλάκις
1312 2029 1421 2086 καὶ
1483 2024 1609 2088 ὑπὸ
1676 2019 1940 2090 πολλῶν
1998 2029 2153 2102 παρ’
2206 2020 2430 2097 αὐτοῖς
2476 2018 2810 2101 Polybius
2855 2003 2998 2079 for-

790 2147 972 2200 tasse
1036 2138 1335 2201 indicare
1381 2139 1603 2203 voluit
1649 2140 1900 2203 multos
1948 2149 2260 2203 auctores
2306 2148 2464 2220 post
2508 2135 2798 2199 Fabium
2845 2133 3002 2196 eius

790 2253 1088 2316 rationes
1157 2255 1557 2334 probavisse
1628 2265 1699 2318 et
1766 2255 2184 2335 repetivisse.
2278 2254 2395 2316 Ab
2468 2251 2699 2332 aliquo
2761 2270 2854 2312 ex
2917 2248 3010 2311 iis

706 2439 709 2442 ⁴
791 2368 1024 2431 Livius
1088 2389 1207 2432 eas
1268 2370 1530 2452 recepit
1547 2419 1561 2446 ,
1629 2371 1743 2452 qui
1789 2381 1974 2434 certe
2021 2371 2169 2454 ipse
2215 2370 2433 2433 Fabio
2478 2387 2642 2431 usus
2687 2387 2828 2429 non
2875 2366 2968 2428 sit
2989 2413 3006 2439 ,

789 2505 949 2548 nam
995 2506 1171 2567 quae
1221 2488 1307 2549 de
1355 2488 1575 2550 causis
1620 2488 1790 2550 belli
1835 2488 2114 2570 reliquis
2159 2488 2413 2553 Fabius
2460 2487 2696 2552 statuit
2713 2535 2726 2561 ‚
2768 2485 3009 2547 aliena

793 2611 950 2664 sunt
994 2623 1037 2664 a
1084 2603 1421 2666 sententia
1465 2603 1768 2666 Liviana.
2227 2607 2234 2676 ᾖ

883 2718 1198 2801 Denique
1264 2740 1347 2782 ea
1410 2740 1586 2801 quae
1641 2721 1711 2782 in
1754 2721 1884 2783 hac
1931 2694 2129 2802 parte
2173 2720 2330 2783 libri
2375 2720 2478 2783 III
2525 2719 2797 2800 assequi
2842 2719 3007 2780 vult

792 2834 1125 2917 Polybius
1142 2885 1156 2911 ,
1217 2838 1581 2900 ostendunt
1626 2837 1918 2899 Fabium
1965 2857 2115 2900 esse
2163 2848 2511 2900 auctorem
2559 2854 3006 2900 communem

793 2949 1068 3032 Polybii
1133 2972 1187 3014 c.
1260 2974 1339 3031 29
1402 2952 1580 3014 Livii
1627 2973 1683 3015 e.
1741 2975 1815 3032 19
1866 2958 1896 3028 ἕ
1954 2973 2138 3030 1—5.
2231 2953 2565 3036 Polybius
2618 2953 2800 3014 enim
2850 2971 2909 3013 c.
2964 2955 3008 3012 6

798 3085 895 3145 sq.
946 3067 1230 3146 exponit
1277 3087 1516 3130 causas
1562 3068 1730 3130 belli
1775 3067 2211 3132 Hannibalici
2258 3070 2496 3150 quales
2528 3089 2652 3131 suo
2685 3078 3009 3148 tempore

794 3179 938 3242 fere
985 3201 1028 3242 a
1073 3181 1333 3244 civibus
1382 3193 1453 3245 et
1498 3204 1538 3245 a
1584 3183 2025 3264 scriptoribus
2071 3185 2408 3247 Romanis
2449 3183 2610 3246 ferri
2642 3183 2967 3246 solebant
2993 3231 3008 3256 ,

796 3294 970 3358 inter
1021 3316 1216 3380 quos
1288 3299 1494 3360 etiam
1563 3298 1851 3361 Fabium
1922 3320 2072 3362 esse
2144 3301 2348 3363 docet
2415 3299 2682 3362 initium
2754 3299 3007 3380 capitis

798 3413 1042 3475 octavi.
1138 3413 1208 3477 C.
1275 3420 1312 3476 8
1370 3416 1461 3477 ad
1504 3415 1794 3478 Fabium
1840 3417 2060 3478 solum
2106 3437 2182 3479 se
2229 3416 2435 3479 vertit
2479 3416 2576 3490 P„
2626 3415 2743 3497 qui
2791 3415 3007 3478 etiam

797 3527 1001 3589 aliam
1068 3528 1239 3590 belli
1310 3548 1584 3593 causam
1653 3532 1992 3594 attulisset
2060 3532 2450 3613 superbiam
2519 3531 3005 3596 Hasdrubalis,

799 3641 870 3706 C.
923 3665 960 3722 9
1010 3649 1041 3719 ἓ
1091 3649 1129 3706 6
1183 3682 1263 3689 —
1313 3666 1368 3709 c.
1426 3668 1497 3707 12
1549 3646 1624 3708 P.
1673 3648 1956 3729 exponit
2001 3668 2275 3711 causam
2320 3648 2490 3711 belli
2537 3668 2747 3729 quam
2780 3648 3008 3730 vulgo

800 3779 842 3819 a
909 3759 1245 3835 Romanis
1314 3761 1553 3825 iniuria
1622 3763 1908 3846 neglegi
1976 3765 2283 3840 videbat,
2353 3765 2525 3827 iram
2591 3765 3013 3827 Poenorum.

802 3871 944 3936 Sed
990 3885 1222 3939 tamen
1267 3879 1582 3958 agnoscit
1624 3879 1982 3943 Romanos
2026 3881 2171 3944 iure
2216 3857 2336 3943 illa
2380 3880 2664 3944 foedera
2703 3881 3014 3944 movisse

811 4041 960 4049 ——r

798 4143 1251 4221 Saguntinisque
1310 4144 1521 4205 'mediis
1574 4144 1728 4206 inter
1767 4146 2016 4224 imperia
2058 4150 2316 4209 duorum
2359 4152 2727 4228 populorum
2769 4150 3025 4212 libertas

798 4253 1142 4302 servaretur.
1154 4245 1167 4266 ’
1175 4245 1189 4266 ⁹

898 4339 935 4419 ¹)
976 4342 1100 4399 Pol.
1144 4345 1251 4399 III.
1295 4362 1347 4400 e.
1394 4346 1429 4400 8
1472 4351 1499 4414 ξ
1548 4364 1597 4403 1.
