3375 5084
1891 371 2012 430 180

856 560 1095 622 teriem
1154 561 1486 641 praebent
1543 561 1632 621 ad
1687 559 2006 622 iudicium
2051 580 2327 641 prorsus
2371 561 2715 622 diversum
2760 561 2848 622 de
2893 560 3035 622 Ro-

855 676 1069 737 manis
1116 675 1261 737 eius
1306 675 1633 755 temporis
1679 673 2049 737 ferendum.
2120 674 2263 739 Sed
2306 676 2464 738 ideo
2495 677 2808 738 excusari
2837 677 3040 738 debet

752 792 759 799 ’
855 776 1185 872 Polybius
1253 792 1436 871 quod
1506 790 1863 853 Romanos
1881 840 1895 865 ,
1965 801 2561 872 quantumcunque
2626 790 3043 854 deflexerant

854 907 1133 987 apriscis
1201 907 1566 970 virtutibus
1584 956 1598 981 ,
1675 915 1908 968 tamen
1981 907 2379 989 longissime
2456 909 2699 969 abesse
2772 907 2943 970 vidit
3002 927 3043 968 a

853 1023 1159 1103 turpibus
1215 1032 1284 1085 et
1331 1023 1850 1104 corruptissimis
1898 1021 2316 1085 Graecorum
2347 1024 2648 1086 moribus
2675 1020 2733 1104 ¹).
2798 1022 3044 1105 Quam-

856 1158 1059 1219 quam
1106 1157 1437 1200 excusare
1485 1158 1641 1199 eum
1685 1158 1824 1200 non
1867 1158 2227 1219 possumus
2272 1139 2331 1201 si
2371 1139 2740 1201 amicorum
2775 1159 3046 1200 suorum

852 1254 1325 1316 Romanorum
1381 1253 1713 1316 eiusmodi
1758 1252 2059 1316 facinora
2103 1255 2472 1316 admiratur
2488 1303 2502 1329 ‚
2550 1273 2726 1335 quae
2769 1273 3045 1335 prorsus

853 1370 1168 1450 opposita
1228 1369 1361 1431 sint
1420 1369 1555 1431 illis
1615 1369 2009 1444 virtutibus;
2070 1366 2305 1450 Scipio
2366 1370 2583 1431 maior
2628 1370 2808 1432 enim
2827 1418 2842 1442 ,
2892 1390 3046 1431 cum

852 1506 909 1547 a.
981 1505 1102 1547 202
1127 1533 1143 1557 ‚
1212 1485 1280 1547 in
1349 1483 1588 1547 Africa
1649 1494 1873 1548 castra
1931 1485 2192 1547 habens
2211 1533 2225 1559 ‚
2288 1485 2579 1566 primum
2639 1485 2913 1548 Poenos
2960 1486 3046 1546 de

850 1621 1023 1683 pace
1085 1602 1358 1683 agendo
1421 1601 1769 1681 deciperet
1785 1648 1800 1675 ‚
1863 1601 2110 1663 deinde
2170 1601 2445 1663 indutiis
2490 1601 2715 1663 subito
2762 1600 3049 1662 sublatis

851 1717 1063 1801 (χάριν
1119 1724 1230 1782 τοῦ
1278 1723 1362 1800 μὴ
1413 1717 1598 1792 δόξαι
1650 1715 2164 1800 παρασπονδεῖν)
2210 1738 2333 1799 Spe
2379 1717 2766 1779 Poenorum
2811 1718 3047 1779 abute-

849 1843 1035 1896 retur
1102 1834 1190 1894 ad
1260 1842 1481 1895 castra
1542 1853 1779 1895 eorum
1843 1843 2174 1896 nocturno
2235 1833 2496 1914 impetu
2556 1833 2869 1895 incendio
2936 1834 3049 1894 de-

849 1948 1055 2010 lenda
1105 1948 1148 2029 2)
1168 1997 1183 2022 ,
1253 1968 1415 2011 sane
1484 1949 1556 2011 id
1624 1948 1788 2012 fecit
1857 1950 2043 2031 quod
2105 1949 2352 2012 acriter
2406 1949 3049 2030 reprehendendum

853 2073 1033 2127 esset
1094 2064 1419 2146 Polybio;
1481 2067 1604 2127 sed
1659 2065 1729 2127 in
1776 2063 2168 2146 Scipionem
2213 2065 2371 2127 ideo
2416 2065 2685 2146 magnis
2732 2065 3051 2127 laudibus

853 2178 1051 2241 effert
1089 2179 1149 2261 ³).

941 2295 1376 2383 Consuetudo
1424 2317 1628 2378 quam
1671 2297 1914 2360 habuit
1959 2317 2114 2359 cum
2161 2297 2395 2359 amicis
2441 2296 2722 2359 Aemilii
2752 2297 3048 2359 multum

848 2411 1065 2473 valuit
1126 2412 1214 2473 ad
1275 2412 1650 2501 pleniorem
1704 2432 1929 2475 rerum
1976 2413 2437 2495 cognitionem
2484 2414 3048 2493 comparandam;

851 2548 1261 2609 quamquam
1292 2529 1597 2610 singulas
1628 2548 1737 2590 res
1764 2530 2123 2591 ostendere
2146 2548 2285 2590 non
2308 2548 2682 2609 possumus
2722 2528 3052 2609 Exempli

852 2664 1058 2705 causa
1118 2644 1378 2724 aliquot
1438 2644 1629 2706 locos
1691 2643 1902 2706 affero
1920 2691 1934 2719 ‚
1989 2644 2105 2706 ubi
2151 2644 2329 2706 hunc
2375 2643 2633 2706 fontem
2678 2644 2826 2724 ipse
2876 2643 3050 2711 indi-

851 2770 978 2823 cat.
1050 2758 1167 2823 Sic
1215 2758 1286 2823 C.
1333 2758 1610 2822 Laelius
1658 2762 1745 2822 de
1791 2761 2068 2843 ingenio
2118 2770 2189 2824 et
2228 2762 2433 2823 rebus
2464 2760 2678 2842 gestis
2703 2758 3052 2841 Scipionis

848 2876 1123 2938 maioris
1168 2876 1385 2938 multa
1430 2876 1494 2938 ei
1540 2876 1817 2938 tradidit
1854 2875 1916 2956 ⁴).
1984 2875 2273 2957 Aliquot
2319 2877 2502 2939 dicta
2547 2875 2806 2938 rettulit
2836 2874 3052 2957 Poly-

848 2992 999 3053 bius
1067 3012 1244 3073 quae
1313 2993 1398 3054 de
1459 2992 1619 3054 viris
1679 2992 2051 3054 illustribus
2108 2993 2284 3056 inter
2330 2994 2583 3056 amicos
2628 2992 3052 3055 ferebantur.

852 3106 966 3171 Sic
1013 3105 1244 3189 Scipio
1290 3109 1506 3170 maior
1551 3108 1917 3189 aliquando
1964 3109 2139 3172 dixit
2153 3158 2167 3185 ,
2217 3130 2292 3172 se
2338 3110 2559 3171 iudice
2604 3109 2780 3171 inter
2805 3128 3054 3171 omnes

850 3223 1151 3286 sollertia
1168 3272 1183 3296 ‚
1253 3222 1641 3287 fortitudine
1705 3233 1776 3287 et
1835 3225 2198 3305 prudentia
2260 3225 2666 3287 excelluisse
2725 3223 3053 3306 Agatho-

853 3340 1030 3401 clem
1092 3348 1162 3401 et
1222 3340 1626 3421 Dionysium
1684 3338 1954 3405 Siculos
1993 3340 2070 3423 ⁵);
2118 3340 2456 3403 Aemilius
2502 3340 2787 3402 Paullus
2833 3360 3054 3421 saepe

852 3455 1028 3517 inter
1084 3453 1338 3516 amicos
1384 3455 1657 3518 Romae
1706 3454 2011 3519 confiteri
2057 3457 2351 3531 solebat,
2399 3476 2472 3518 se
2518 3475 2869 3536 nunquam
2918 3455 3051 3517 for-

852 3570 1250 3634 midolosius
1295 3572 1662 3653 quidquam
1709 3574 1960 3636 vidisse
2007 3594 2212 3655 quam
2254 3573 2673 3655 phalangem
2717 3572 3054 3634 Macedo-

937 3909 979 3991 ¹)
1022 3909 1142 3970 Cfr.
1188 3910 1253 3969 P.
1295 3910 1402 3968 VI.
1449 3910 1523 3987 56
1567 3916 1594 3981 §
1642 3929 1735 3986 13.

929 4007 980 4088 2)
1021 4009 1087 4066 P.
1131 4010 1295 4067 XIV.
1340 4027 1391 4067 c.
1440 4028 1540 4084 3—-
1564 4025 1618 4084 5.
1704 4007 1894 4085 Supra
1933 4028 1993 4085 p.
2044 4026 2175 4084 147.

931 4105 979 4188 ³)
1019 4106 1171 4167 Ibid.
1214 4126 1267 4165 c.
1314 4124 1345 4184 5
1389 4115 1419 4178 ἓ
1466 4124 1552 4184 15.

928 4203 1854 4285 4)P.X.c.3§2—C.5.

929 4302 979 4382 5)
1024 4305 1090 4361 P.
1145 4305 1279 4362 XV.
1337 4323 1387 4361 c.
1445 4321 1517 4380 35
1576 4311 1606 4374 ἓ
1657 4306 1693 4361 6
1736 4310 1962 4365 Πόπλιον
2003 4312 2260 4365 Σκιπίωνά
2296 4329 2447 4384 φασι
2484 4338 2563 4347 -
2598 4309 2938 4383 ἐρωτηθέντα
2974 4339 3057 4348 —-

846 4403 1003 4462 εἰπεῖν
1013 4450 1027 4461 .
