3375 5084
1797 315 1872 369 14

731 489 949 550 tiones
1010 487 1098 548 ad
1158 486 1655 569 geographiam
1723 485 2137 566 pertinentes
2155 534 2171 558 ‚
2233 505 2575 548 semones
2632 487 2921 567 denique

731 603 1075 685 longiores
1116 598 1175 682 1).
1247 601 1446 664 Hunc
1493 601 1750 682 Ephori
1794 620 2054 662 morem
2084 601 2527 664 vehementer
2550 603 2917 665 admiratus

734 727 836 780 est
883 717 1212 798 Polybius
1229 765 1243 791 ‚
1289 736 1425 778 non
1470 716 1690 778 minus
1734 735 1939 796 quam
1965 716 2314 779 ‘rationem
2346 736 2481 797 qua
2506 717 2696 796 λόγον
2725 718 2916 779 illum

734 836 1198 916 ἐπιμετροῦντα
1271 832 1596 894 adhibere
1666 831 1843 894 solet
1884 830 1958 910 2);
2027 832 2221 894 unius
2286 854 2612 897 excursus
2665 833 2920 914 Ephori

719 950 1142 1012 mentionem
1207 947 1370 1011 facit
1388 997 1402 1023 ,
1478 968 1612 1029 quo
1677 957 1964 1011 venuste
2037 959 2106 1012 et
2164 970 2327 1012 vere
2388 950 2920 1036 (εὐχαριστότατα

735 1071 843 1128 καὶ
909 1063 1375 1146 πιθανώτατα)
1435 1063 1827 1145 exposuerit
1882 1064 2044 1145 quid
2088 1065 2443 1129 interesset
2492 1067 2665 1130 inter
2698 1086 2921 1128 rerum

730 1182 1129 1263 scriptorem
1193 1191 1263 1244 et
1310 1191 1649 1243 oratorem
1690 1179 1749 1262 ²³).
1842 1181 2148 1244 Maxima
2195 1182 2396 1245 laude
2445 1183 2725 1265 dignum
2772 1203 2920 1245 esse

732 1307 967 1362 censet
1034 1297 1385 1379 Ephorum
1456 1300 1544 1360 ob
1610 1317 1892 1378 operam
1957 1299 2366 1361 collocatam
2407 1299 2476 1361 in
2521 1299 2923 1381 indagandis

732 1414 1106 1496 originibus
1123 1463 1137 1488 ,
1214 1414 1284 1475 in
1363 1414 1825 1477 describendis
1904 1416 2398 1478 conditionibus
2421 1463 2437 1489 ‚
2514 1417 2779 1479 urbium
2855 1425 2926 1478 et

733 1531 1142 1612 cognatione
1217 1530 1332 1593 vel
1409 1531 1814 1613 migratione
1861 1522 2198 1615 gentium
2259 1531 2346 1614 4);
2428 1532 2607 1596 hunc
2685 1537 2922 1616 τρόπον

736 1643 1238 1726 γενεαλογικόν,
1313 1656 1383 1709 et
1443 1648 1555 1714 τὸν
1625 1652 1769 1733 περὶ
1838 1649 1952 1720 τὰς
2015 1648 2321 1723 ἀποικίας
2385 1653 2492 1712 καὶ
2551 1651 2927 1727 συγγενείας

735 1770 976 1844 τρόπον
1020 1763 1065 1844 ⁵)
1109 1761 1392 1825 mirifico
1441 1764 1663 1826 studio
1712 1764 2071 1844 amplexus
2117 1774 2235 1827 est.
2320 1764 2649 1846 Polybius
2694 1774 2922 1827 tamen

735 1878 939 1940 aliam
998 1887 1267 1959 partem
1324 1878 1677 1953 historiae,
1736 1884 1848 1942 τὸν
1898 1882 2240 1944 πολιτικὸν
2291 1886 2564 1964 τρόπον,
2614 1880 2742 1942 sibi
2787 1879 2922 1941 ele·
2981 1923 2987 1928 -

738 1994 924 2075 gisse
988 1993 1083 2055 ait
1101 2042 1117 2066 ,
1163 2014 1250 2055 ne
1296 1994 1365 2054 in
1409 1995 1612 2056 rebus
1659 1995 1822 2057 satis
1870 1995 2245 2076 exploratis
2290 1996 2514 2058 denuo
2560 1995 2925 2059 tractandis

738 2129 1015 2190 operam
1074 2110 1411 2190 perderet.
1504 2109 1747 2191 Itaque
1809 2130 2218 2191 quamquam
2270 2109 2609 2192 ¹Polybius
2653 2110 2927 2173 minime

736 2224 992 2305 Ephori
1054 2226 1351 2288 imitator
1413 2225 1738 2288 dicendus
1801 2236 1905 2289 est
1968 2238 2036 2290 et
2089 2228 2159 2288 in
2202 2227 2482 2290 historia
2526 2237 2667 2290 tam
2713 2226 2928 2289 multa

737 2341 1019 2403 novavit
1036 2388 1050 2414 ‚
1114 2341 1375 2402 animos
1430 2341 1764 2404 lectorum
1811 2362 1853 2403 a
1897 2342 2101 2404 rebus
2147 2343 2437 2423 antiquis
2483 2352 2553 2406 et
2599 2342 2925 2405 obsoletis

739 2457 827 2518 ad
906 2457 1087 2519 diem
1160 2466 1228 2519 et
1297 2457 1684 2538 praesentia
1754 2467 2066 2538 tempora
2134 2478 2464 2520 revocans
2489 2507 2503 2532 ,
2571 2468 2648 2521 ut
2715 2466 2929 2520 artem

738 2572 1058 2635 historiae
1124 2573 1656 2636 conscribendae
1719 2573 2193 2637 reformavisse
2252 2583 2439 2635 recte
2494 2573 2627 2636 dici
2683 2573 2897 2653 possit
2917 2620 2930 2645 ,

744 2698 973 2752 tamen
1018 2690 1233 2752 multa
1279 2691 1367 2752 ab
1413 2689 1693 2771 Ephoro
1741 2690 2006 2762 didicit,
2055 2690 2332 2770 eiusque
2358 2690 2676 2771 exemplo
2700 2688 2936 2751 nititur

746 2805 815 2865 in
868 2805 949 2867 iis
994 2806 1293 2867 maxime
1339 2807 1544 2867 rebus
1590 2825 1766 2885 quae
1813 2806 1904 2867 ad
1948 2804 2236 2885 formam
2283 2815 2352 2868 et
2396 2805 2735 2867 scribendi
2777 2803 2934 2865 rati-

752 2939 952 2981 onem
998 2920 1354 3000 pertinent.
1404 2957 1486 2965 -
1536 2918 1680 2983 Sed
1727 2940 1880 2982 cum
1928 2920 1995 2982 in
2042 2930 2187 2982 arte
2235 2920 2467 2984 critica
2508 2920 2718 3002 longe
2740 2938 2934 3000 prae-

751 3035 1031 3096 cesserit
1075 3034 1405 3115 Polybius
1423 3082 1439 3107 ‚
1486 3035 1823 3097 interdum
1871 3055 2025 3096 eum
2056 3035 2492 3115 reprehendit
2523 3044 2593 3097 et
2615 3035 2931 3116 gravium

745 3168 1048 3210 errorum
1111 3149 1467 3229 convincit.
1558 3149 1798 3210 Fidem
1857 3149 2001 3211 eius
2062 3159 2132 3212 et
2177 3150 2650 3213 auctoritatem
2696 3157 2934 3211 contra

744 3263 1103 3325 Timaeum
1181 3263 1482 3327 defendit
1541 3263 1586 3346 ⁶)
1604 3313 1618 3339 ,
1696 3264 1929 3328 laudat
2003 3266 2491 3346 descriptiones
2550 3283 2935 3345 pugnarum

747 3378 1109 3441 navalium.
1181 3376 1323 3443 Sed
1368 3380 1437 3441 in
1482 3380 1944 3443 describendis
1987 3381 2261 3461 proeliis
2307 3390 2488 3443 terra
2533 3379 2937 3452 commissiS,

753 3513 907 3556 cum
954 3493 1277 3558 deficeret
1321 3515 1544 3558 rerum
1590 3495 1977 3558 militarium
2009 3496 2397 3578 cognitione
2415 3543 2429 3569 ,
2463 3514 2618 3557 eum
2645 3496 2939 3556 obscura

753 3620 823 3672 et
868 3610 1100 3691 inepta
1145 3611 1492 3692 scripsisse
1541 3612 1651 3674 ait.

834 3815 879 3895 1)
922 3815 1104 3892 Quod
1147 3826 1397 3877 testatur
1440 3819 1654 3878 Strabo
1697 3818 1863 3876 VIII.
1907 3836 1966 3893 p.
2014 3835 2151 3892 332.

829 3912 878 3994 2)
921 3917 986 3975 P.
1029 3918 1166 3976 XII.
1215 3919 1290 3976 28
1333 3925 1360 3989 ἕ
1409 3937 1500 3977 10.
2123 3958 2126 3959 ν

833 4011 1076 4093 ³).1bid.
1120 4023 1147 4087 ἕ
1196 4035 1287 4075 11.

835 4109 882 4191 3)
923 4114 989 4172 P.
1032 4116 1311 4173 XXXIV.
1357 4135 1408 4173 e.
1460 4134 1486 4172 1
1533 4121 1561 4185 ἓ
1605 4133 1662 4188 3.

835 4207 884 4287 5)
926 4212 988 4268 P.
1035 4214 1138 4271 IX.
1191 4233 1215 4270 1
1264 4220 1292 4284 ξ
1336 4233 1391 4285 4.

835 4305 884 4386 0>
926 4309 988 4366 P.
1032 4312 1169 4368 XII.
1214 4330 1266 4369 c,
1314 4325 1381 4383 4a
1423 4318 1450 4380 ξ
1493 4330 1527 4384 3
1573 4326 1737 4383 sqq.;
1782 4324 1833 4362 e.
1883 4324 1955 4379 23
2000 4312 2027 4374 ἓ
2074 4324 2099 4362 1
2149 4314 2208 4362 et
2252 4324 2305 4378 3.
