3375 5084
1490 1360 2163 1428 EXCURSUS

1144 1573 1227 1613 DE
1273 1571 1564 1614 TEMPORE
1610 1571 1740 1624 QUO
1785 1569 2141 1612 SCRIPSERIT
2186 1568 2504 1611 POLYBIUS.

1560 1808 1648 1870 ad
1694 1827 1759 1889 p.
1816 1826 1931 1886 177
1985 1826 2083 1888 sq.

825 2056 1160 2120 Historias
1222 2056 1495 2138 Polybii
1555 2065 1713 2119 ante
1774 2055 2207 2118 Numantiam
2260 2055 2560 2118 excisam
2607 2056 2658 2135 (1
2674 2052 2778 2134 33)
2826 2053 2915 2115 ad

735 2170 939 2235 finem
1029 2172 1390 2253 perductas
1474 2170 1681 2234 fuisse
1708 2220 1723 2246 ‚
1803 2172 1986 2253 apud
2061 2190 2293 2233 omnes
2370 2172 2576 2256 credo
2652 2177 2916 2232 constat

737 2288 1032 2371 (Nitzsch
1084 2288 1325 2369 Polyb.
1372 2308 1436 2370 p.
1494 2293 1648 2365 138;
1696 2287 1978 2350 Henzen
2025 2284 2301 2368 Quaest.
2347 2286 2493 2349 Pol.
2542 2277 2912 2367 specimen,

738 2404 1084 2496 continens
1151 2404 1360 2467 vitam
1430 2403 1653 2466 Berol.
1726 2426 1748 2465 1
1765 2409 1893 2481 840
1954 2423 2018 2485 p.
2083 2425 2117 2482 3
2134 2425 2156 2465 1
2228 2423 2323 2484 sq.
2343 2451 2358 2477 ,
2418 2421 2623 2483 quem
2668 2401 2911 2463 librum

735 2520 1068 2600 inspicere
1120 2540 1257 2582 non
1302 2520 1509 2601 potui.
1599 2518 1916 2581 Aliorum
1961 2520 2150 2583 locos
2195 2519 2327 2582 vid.
2376 2539 2481 2600 ap.
2528 2517 2914 2598 Hertzberg

736 2636 787 2698 I.
849 2655 915 2717 p.
982 2635 1146 2717 302).
1237 2635 1347 2697 De
1408 2655 1584 2697 anno
1631 2656 1766 2717 quo
1814 2635 2015 2697 scribi
2064 2645 2349 2716 coeptae
2396 2634 2528 2696 sint
2572 2653 2709 2695 non
2753 2632 2912 2695 item

741 2728 1024 2814 constat.
1094 2750 1319 2814 Lucas
1364 2751 1599 2814 statuit
1642 2751 1854 2814 libros
1898 2751 1932 2813 I
1979 2760 2049 2814 et
2093 2750 2162 2812 Π
2206 2760 2361 2812 ante
2418 2771 2440 2810 1
2456 2754 2534 2829 67
2560 2797 2575 2823 ,
2620 2748 2912 2830 reliquos

738 2867 947 2929 libros
1002 2866 1217 2929 multo
1264 2876 1507 2947 postea
1542 2867 1842 2950 'scriptos
1889 2887 2037 2928 esse
2085 2866 2172 2948 (U
2174 2867 2338 2928 eber
2380 2864 2725 2947 Polybius’
2771 2864 2916 2925 dar-

739 2983 1042 3063 stellung
1121 2982 1240 3043 des
1317 2980 1765 3054 Aetolischen
1839 2981 2101 3043 bundes
2125 3029 2139 3056 ,
2215 2980 2669 3063 Konigsberg
2754 3001 2775 3040 1
2791 2985 2866 3042 82
2878 2998 2912 3056 5

737 3117 802 3179 p.
874 3119 896 3158 1
916 3118 946 3158 2
1010 3095 1205 3178 sqq.);
1255 3095 1451 3159 multi
1495 3096 1621 3157 viri
1669 3096 1853 3159 docti
1900 3116 2133 3159 omnes
2177 3097 2386 3159 libros
2431 3095 2718 3178 scriptos
2764 3114 2910 3157 esse

741 3215 1155 3277 contendunt
1200 3214 1376 3276 inter
1422 3233 1630 3275 annos
1672 3235 1783 3290 141
1825 3214 1939 3276 vel
1974 3235 2096 3291 140
2124 3223 2194 3276 et
2225 3234 2345 3291 134
2370 3214 2484 3296 (K.
2508 3211 2622 3275 W.
2646 3211 2916 3275 Nitzsch

738 3330 884 3392 Pol.
954 3348 1018 3410 p.
1098 3334 1250 3406 1383
1315 3329 1382 3390 la
1442 3329 1721 3404 Roche‚
1784 3329 2265 3405 Markhauser,
2320 3329 2708 3411 Hertzberg
2750 3328 2791 3391 l.
2836 3328 2912 3401 1.‚

741 3447 946 3509 etiam
991 3455 1068 3508 ut
1111 3445 1381 3507 videtur
1425 3445 1773 3508 Merleker
1815 3444 1990 3509 Ach.
2037 3465 2101 3527 p.
2158 3444 2329 3526 105);
2377 3465 2530 3507 cum
2569 3442 2915 3526 Schweig-

736 3563 1027 3625 hausero
1046 3608 1060 3636 ‚
1132 3561 1247 3642 qui
1314 3561 1543 3623 statim
1608 3571 1768 3643 post
1844 3584 1866 3623 1
1883 3567 1961 3639 83
2026 3562 2339 3626 historias
2398 3562 2706 3643 inceptas
2736 3541 2741 3546 ⁹
2767 3580 2911 3623 esse

739 3679 974 3742 statuit
990 3726 1005 3752 ,
1052 3677 1389 3740 neminem
1434 3697 1611 3740 nunc
1656 3676 1882 3740 facere
1931 3678 2152 3741 cred0.
2230 3678 2493 3740 Tamen
2538 3698 2649 3740 me
2694 3676 2910 3740 iudice
2988 3692 2995 3699 ·

740 3801 925 3856 recte
987 3793 1301 3855 viderunt
1361 3789 2010 3875 Schweighauserus
2073 3802 2143 3856 et
2201 3793 2508 3856 Niebuhr
2553 3792 2909 3875 (Vortrage

739 3910 844 3971 ed.
907 3909 1093 3981 Isler
1141 3914 1310 3988 1847·
1353 3908 1439 3971 II.
1486 3928 1550 3989 p.
1601 3908 1737 3989 68):
1795 3908 1879 3971 1⁰.
1924 3909 2177 3990 primos
2223 3909 2431 3972 libros
2478 3918 2634 3972 ante
2681 3930 2737 3971 a.
2791 3929 2908 3986 149

741 4024 1027 4104 scriptos
1074 4043 1256 4098 esse;
1310 4023 1399 4085 2⁰.
1445 4023 1703 4104 aliquot
1747 4033 1974 4104 partes
2020 4044 2195 4105 quae
2242 4024 2311 4086 in
2347 4023 2428 4086 iis
2459 4023 2647 4086 libris
2679 4023 2909 4105 legun-

741 4146 849 4198 tur
907 4148 1148 4219 postea
1207 4139 1479 4201 demum
1539 4138 1824 4200 insertas
1882 4159 2047 4202 esse.
2136 4139 2518 4220 Utrumque
2566 4139 2763 4201 certis
2807 4156 2908 4199 ar·

745 4255 1084 4331 gumentis
1131 4255 1571 4316 demonstrari
1616 4272 1819 4333 posse
1867 4255 2088 4317 credo,
2180 4254 2450 4318 Etenim
2495 4255 2632 4317 iam
2674 4273 2796 4334 per
2836 4273 2909 4314 se

751 4377 1033 4445 apparet
1089 4368 1207 4430 IH.
1274 4388 1328 4431 c.
1390 4390 1466 4446 32
1528 4389 1735 4451 opere
1780 4370 1894 4431 vel
1939 4378 2085 4432 toto
2130 4371 2246 4433 vel
2289 4391 2544 4454 magna
2588 4390 2678 4432 ex
2719 4378 2909 4450 parte
