3375 5084
1769 315 1893 371 218

739 505 860 567 sed
909 505 1259 566 consulum
1305 505 1577 565 nomina
1623 522 1894 583 semper
1942 501 2335 574 desiderari,
2384 500 2648 561 duobus
2692 498 2921 560 foede-

735 621 921 682 ribus
980 618 1287 699 exceptis
1334 638 1510 699 quae
1557 619 1681 679 sub
1731 616 1936 679 finem
1980 615 2396 696 reipublicae
2442 612 2624 676 facta
2668 621 2823 675 sunt
2857 608 2921 692 ¹).

735 736 974 816 Itaque
1042 744 1339 797 statuere
1401 734 1562 796 licet
1580 782 1595 808 ‚
1659 734 1843 814 ipsas
1903 731 2258 794 foederum
2313 729 2583 793 tabulas
2627 728 2922 810 Polybio

736 852 1003 932 copiam
1046 871 1183 913 non
1229 851 1499 913 dedisse
1544 851 1870 930 temporis
1916 857 2101 912 certe
2149 846 2617 911 constituendi.
2686 844 2786 907 At
2831 844 2922 905 de

735 967 855 1029 illo
922 967 1141 1048 primo
1209 966 1486 1029 foedere
1554 965 1804 1028 diserte
1874 965 1969 1028 ait
1985 1013 2000 1039 ,
2071 965 2141 1027 id
2207 962 2462 1026 factum
2531 982 2680 1024 esse
2751 961 2924 1022 κατὰ

737 1087 1020 1147 Λεύκιον
1107 1082 1396 1150 Ἰούνιον
1467 1086 1768 1164 Βροῦτον
1836 1086 1945 1145 καὶ
2013 1085 2293 1162 Μάρκον
2355 1077 2704 1162 ‘Reducem
2768 1081 2924 1149 τούς

737 1205 1033 1281 πρώτους
1098 1201 1645 1273 κατασταθέντας
1704 1199 1992 1272 ὑπάτους
2034 1201 2194 1279 μετὰ
2243 1202 2361 1279 τὴν
2412 1202 2545 1259 τῶν
2598 1189 2922 1279 βασιλέων

739 1311 1118 1382 κατάλυσιν.
1211 1316 1414 1379 Unde
1475 1316 1654 1377 hunc
1711 1334 1974 1376 annum·
2007 1321 2356 1375 assecutus
2402 1321 2507 1374 est
2551 1309 2881 1390 Polybius
2898 1311 2927 1369 Ρ

740 1431 1017 1495 Conicio
1036 1480 1050 1505 ,
1121 1451 1277 1494 eum
1345 1432 1528 1512 apud
1595 1430 1885 1492 Fabium
1954 1429 2206 1511 legisse
2223 1477 2238 1503 ‚
2301 1448 2386 1490 eo
2448 1446 2626 1488 anno
2685 1424 2928 1487 foedus

741 1568 894 1610 cum
939 1547 1190 1629 legatis
1238 1545 1912 1628 Carthaginiensibus
1945 1554 2222 1626 pactum
2253 1563 2420 1606 esse.
2469 1541 2651 1624 Quid
2673 1541 2930 1603 Fabius

739 1662 1091 1726 tradiderit
1106 1711 1121 1737 ,
1195 1662 1579 1725 Mommsen
1650 1660 1923 1725 efficere
1989 1681 2194 1742 posse
2263 1659 2392 1722 sibi
2458 1658 2645 1721 visus
2714 1665 2818 1719 est
2886 1676 2930 1717 e

741 1778 1049 1841 Diodoro
1096 1788 1166 1841 et
1211 1777 1407 1840 Livio
1457 1779 1588 1841 hac
1634 1778 1926 1840 ratione:
1974 1776 2174 1839 Diod.
2221 1774 2418 1837 XVI.
2467 1795 2523 1837 c.
2574 1778 2655 1853 69
2704 1772 2933 1854 (quem

742 1915 781 1956 e
827 1893 1043 1956 Fabio
1090 1893 1393 1956 hausisse
1442 1893 1674 1956 statuit
1719 1893 1834 1975 M.)
1884 1892 1979 1955 ait
2009 1911 2185 1956 anno
2221 1896 2346 1969 348
2382 1911 2441 1952 a.
2470 1888 2542 1953 C.
2568 1888 2932 1968 ελῑ)ω,ιιαιόις.·

737 2011 857 2092 μὲν
922 2011 1078 2093 πρὸς
1137 2006 1639 2093 Καρχηδονίους
1693 2010 1951 2089 πρῶτον
2002 2013 2334 2087 συνθῆκαι
2384 2003 2709 2086 ἐγένοντο.
2780 2003 2930 2065 Liv.

741 2125 895 2187 VH.
947 2145 1057 2204 27:
1112 2146 1305 2200 „cum
1352 2124 2021 2207 Carthaginiensibus
2049 2123 2301 2205 legatis
2331 2121 2574 2185 foedus
2603 2121 2838 2183 ictum.
2854 2168 2868 2180 .
2885 2117 2933 2181 .''

741 2241 1033 2330 eundem
1095 2260 1342 2302 annum
1398 2241 1632 2316 tradit;
1679 2239 1913 2302 Livius
1958 2238 2087 2301 IX.
2136 2259 2190 2301 e.
2240 2260 2320 2316 43
2371 2238 2460 2300 ad
2506 2258 2566 2299 a.
2615 2240 2742 2315 306
2789 2233 2932 2297 foe-

744 2357 869 2419 dus
914 2365 1317 2419 renovatum
1364 2355 1458 2419 ait
1504 2353 1698 2419 tertio
1712 2380 1740 2428 ,·
1769 2355 1951 2418 idem
1981 2355 2165 2437 (peri.
2208 2376 2231 2416 1
2247 2352 2307 2435 3)
2332 2373 2510 2416 anno
2540 2373 2571 2413 2
2585 2372 2665 2432 79
2690 2354 2937 2435 quarto

742 2472 988 2535 foedus
1056 2481 1456 2536 renovatum
1524 2492 1674 2535 esse
1743 2470 1966 2534 tradit.
2055 2469 2166 2531 Ex
2226 2469 2329 2531 his
2390 2470 2559 2531 duas
2612 2465 2938 2530 discernit

744 2589 1131 2651 Mommsen
1204 2587 1601 2650 traditiones
1627 2634 1641 2660 ,
1718 2606 2003 2668 quarum
2079 2585 2295 2649 altera
2369 2584 2731 2667 perhibeat
2805 2582 2941 2644 tria

745 2704 1025 2767 foedera
1081 2703 1264 2766 facta
1319 2723 1468 2765 esse
1514 2703 1705 2766 annis
1754 2723 1880 2782 509
1900 2750 1914 2777 ‚
1965 2707 2091 2780 306
2110 2750 2124 2775 ,
2179 2721 2337 2781 2793
2386 2700 2602 2764 altera
2647 2699 2940 2762 totidem

747 2820 969 2910 annis*
1011 2824 1137 2897 348
1159 2868 1172 2893 ,
1246 2824 1372 2896 306
1393 2867 1407 2892 ,
1480 2838 1605 2898 279
1625 2866 1639 2893 ,
1712 2827 1782 2880 et
1847 2818 2022 2880 hanc
2082 2816 2279 2880 Fabii
2340 2836 2492 2880 esse
2554 2814 2939 2888 contendit,

744 2935 1013 3006 Livium
1080 2944 1367 3016 utraque
1432 2934 1705 2996 turbata
1773 2953 1830 2995 a.
1901 2939 2026 3011 348
2087 2934 2379 3014 primum
2396 2981 2411 3007 ‚
2477 2937 2604 3010 306
2670 2941 2742 2993 et
2807 2951 2838 2991 2
2855 2949 2939 3008 79

747 3052 1022 3115 tertium
1069 3059 1140 3113 et
1184 3059 1496 3132 quartum
1540 3048 1796 3112 factum
1830 3069 1979 3112 esse
2010 3049 2369 3113 tradidisse
2392 3048 2646 3111 statuit.
2696 3045 2944 3111 Solum

708 3237 713 3243 ,
749 3170 817 3230 in
884 3167 1015 3229 hac
1075 3166 1336 3228 ratione
1398 3165 1676 3227 dubium
1737 3186 1887 3228 esse
1941 3175 2108 3246 puto
2126 3212 2140 3239 ‚
2188 3185 2412 3227 annon
2457 3164 2602 3226 iure
2650 3163 2944 3225 alteram

747 3282 1182 3346 traditionem
1226 3281 1441 3343 Fabio
1488 3280 1831 3343 adscribat
1874 3280 2277 3343 Mommsen.
2356 3279 2704 3342 Diodorus
2750 3287 2943 3341 certe

749 3398 817 3460 in
863 3398 1159 3479 quadam
1206 3397 1530 3458 librorum
1575 3405 1769 3477 parte
1814 3395 2011 3457 Fabii
2056 3396 2412 3458 annalibus
2453 3405 2618 3457 usus
2651 3403 2758 3456 est
2768 3415 2782 3468 ;
2817 3394 2946 3455 sed

747 3515 964 3575 multo
1024 3512 1249 3593 magis
1317 3521 1581 3574 constat
1648 3511 2014 3592 Polybium
2073 3532 2164 3573 ex
2222 3511 2304 3573 iis
2348 3511 2566 3573 multa
2609 3509 2943 3572 hausisse.

749 3630 900 3692 Res
967 3649 1142 3710 quae
1212 3627 1564 3690 diiudicari
1630 3637 1925 3709 nequeat
1987 3637 2424 3691 controversa
2482 3627 2682 3689 nobis
2741 3626 2946 3688 relin-

750 3746 1020 3826 quenda
1066 3753 1186 3806 est.
1601 3723 1609 3731 ¹

821 3850 987 3923 'Etsi
1065 3860 1291 3942 egitur
1355 3859 1693 3922 nescimus
1760 3879 1895 3940 quo
1966 3868 2242 3922 auctore
2311 3857 2644 3940 Polybius
2712 3859 2950 3921 tradat

755 3976 922 4037 illud
968 3975 1207 4038 foedus
1253 3995 1431 4037 anno
1482 3995 1608 4053 509
1655 3974 1911 4038 factum
1958 3995 2134 4049 esse,
2182 3974 2328 4037 sive
2373 3995 2414 4037 a
2460 3973 2681 4037 Fabio
2705 3975 2954 4037 didicit

847 4242 888 4322 ¹)
943 4245 1127 4320 Apud
1183 4246 1420 4304 Gruter.
1479 4245 1545 4304 C.
1602 4245 1646 4302 I.
1705 4246 1890 4321 2485,
1946 4246 2120 4321 5879.
2162 4278 2238 4289 -
2282 4246 2352 4303 In
2392 4244 2485 4303 his
2528 4232 2771 4303 secutus
2815 4263 2959 4303 sum

755 4342 1109 4400 Mommsen.
1191 4345 1361 4401 Rom.
1408 4344 1627 4403 Chron.
1672 4364 1731 4420 p.
1774 4363 1891 4419 320
1934 4362 2019 4419 sq.
