3375 5084
1762 390 1767 395 .
1845 307 1965 364 160

804 494 994 557 visse¹
1029 495 1262 575 paullo
1310 505 1468 558 ante
1515 516 1822 577 pugnam
1868 496 1957 558 ad
2004 505 2307 558 montem
2353 494 2703 576 Lycaeum
2742 492 3006 555 factam

804 611 885 693 (a⁴
942 609 1118 689 226),
1168 620 1237 673 et
1284 611 1530 672 eodem
1575 620 1887 692 tempore
1926 611 2218 692 primum
2250 610 2601 673 Cleomeni
2629 609 3003 691 pecuniam

802 724 1064 787 misisse
1105 720 1169 802 ¹).
1261 725 1668 789 Plutarchus
1730 730 1959 790 autem
2003 726 2395 808 Phylarcho
2442 735 2718 791 auctore
2758 725 2801 806 2)
2844 744 3005 786 nar-

801 849 907 902 rat
975 840 1447 903 Ptolemaeum
1517 861 1757 925 regem
1820 841 2170 906 Cleomeni
2232 843 2409 904 hane
2473 841 2830 923 pecuniam
2879 840 3006 901 de-

803 975 986 1017 mum
1048 957 1429 1037 pollicitum
1493 977 1643 1020 esse
1662 1006 1676 1031 ,
1739 959 1869 1021 hac
1917 958 2304 1027 conditione
2352 966 2426 1019 ut
2470 966 2758 1019 matrem
2804 973 3006 1016 suam

803 1081 873 1134 et
917 1072 1172 1135 liberos
1220 1074 1532 1136 obsidum
1575 1074 1730 1138 loco
1765 1074 2260 1137 Alexandriam
2291 1074 2607 1148 mitteret,
2631 1081 3003 1154 postquam

801 1187 1037 1271 Argos
1083 1209 1126 1250 a
1170 1190 1550 1252 Timoxeno
1600 1191 1663 1253 ei
1711 1201 2021 1272 ereptum
2069 1200 2174 1253 est
2219 1187 2301 1269 (a.
2352 1186 2504 1269 223)
2526 1239 2540 1265 ,
2591 1198 2660 1252 et
2706 1210 2744 1251 e
2768 1187 3008 1249 verbis

802 1303 1157 1367 Plutarchi
1234 1315 1523 1386 apparet
1598 1314 1742 1384 tum
1819 1307 2089 1369 omnino
2166 1307 2456 1388 primum
2525 1304 2888 1387 pecuniam
2959 1323 3010 1364 a

802 1419 1206 1483 Ptolemaeo
1255 1422 1318 1484 ei
1362 1423 1766 1503 promissam
1798 1444 1947 1486 esse
1974 1423 2033 1506 ³).
2093 1424 2248 1487 Non
2279 1423 2665 1487 dubitarem
2695 1420 3002 1502 Polybio

805 1533 1010 1599 fidem
1055 1537 1311 1600 habere
1329 1587 1343 1613 ,
1390 1538 1518 1600 nisi
1564 1539 1621 1601 is
1665 1559 1776 1602 res
1822 1540 2035 1603 veluti
2083 1539 2393 1603 consulto
2441 1539 2808 1601 admodum
2845 1537 3008 1598 bre-

806 1652 982 1714 viter
1026 1661 1360 1736 tangeret.
1453 1653 1752 1718 Accedit
1797 1655 1980 1737 quod
2024 1655 2282 1718 Aratus
2332 1655 2690 1719 tradidisse
2730 1653 3012 1715 videtur

693 1836 698 1847 ,
805 1787 879 1829 se
949 1767 1038 1829 ad
1105 1788 1355 1831 annum
1428 1790 1551 1848 223
1625 1772 1986 1852 pecuniam
2048 1792 2091 1833 a
2149 1771 2552 1853 Ptolemaeo
2616 1768 2972 1849 accepisse
2993 1814 3008 1839 ,

712 1889 718 1894 '
806 1882 1138 1964 siquidem
1207 1883 1383 1947 Plut.
1456 1883 1711 1948 Cleom.
1774 1907 1829 1949 c.
1895 1909 1933 1964 4
1999 1897 2068 1949 et
2129 1886 2320 1949 Arat.
2386 1906 2439 1948 e.
2508 1907 2582 1963 41
2640 1905 2733 1946 ex
2777 1882 3008 1945 Arato

812 1998 1053 2061 hausit.
1175 1998 1283 2062 Ibi
1372 2001 1554 2063 enim
1632 2012 1919 2083 apparet
1993 2002 2284 2064 Aratum
2361 2003 2564 2064 etiam
2641 1999 3012 2082 pecuniam

805 2114 1155 2195 accepisse
1220 2134 1305 2177 eo
1350 2124 1660 2198 tempore
1708 2138 1841 2199 quo
1889 2117 2293 2180 Cleomenes
2340 2116 2736 2181 Corinthum
2785 2114 3010 2195 cepis-

804 2238 909 2291 set
970 2227 1052 2309 (a.
1116 2231 1301 2313 223),
1355 2251 1514 2294 nam
1561 2230 2001 2296 Cleomenem
2045 2233 2267 2297 Arato
2314 2233 2593 2314 duplam
2638 2231 3011 2314 pecuniam

807 2343 1134 2407 obtulisse
1198 2346 1492 2428 legimus
1552 2368 1755 2429 quam
1809 2349 1921 2412 hic
1981 2370 2023 2411 a
2066 2349 2468 2411 Ptolemaeo
2516 2348 2903 2430 accipiebat
2941 2345 3012 2426 ⁴).

805 2458 1045 2541 Itaque
1107 2461 1378 2523 videtur
1438 2461 1891 2526 Ptolemaeus.
1933 2474 2078 2527 tum
2125 2466 2398 2527 demum
2443 2464 2637 2546 genti
2682 2462 3013 2526 Achaeo-

803 2594 953 2636 rum
1015 2576 1375 2656 pecuniam
1438 2578 1930 2642 renuntiavisse
1948 2628 1962 2654 ,
2028 2600 2181 2642 cum
2244 2580 2492 2643 certior
2553 2578 2775 2641 factus
2822 2586 3017 2638 esset

807 2709 926 2751 eos
999 2710 1153 2752 cum
1222 2689 1578 2772 Antigono
1649 2713 1894 2776 agere,
1964 2704 2036 2756 et
2104 2695 2433 2776 Polybius
2499 2714 2646 2756 rem
2712 2692 3013 2755 fortasse

806 2806 1026 2868 minus
1090 2807 1457 2889 diligenter
1516 2819 1913 2890 persecutus
1972 2821 2076 2874 est
2134 2818 2220 2874 n‘e
2268 2813 2362 2874 ita
2409 2811 2592 2875 clare
2639 2817 3017 2892 appareret

805 2920 1101 2985 Aratum
1157 2923 1574 2987 Macedones
1636 2926 1991 2991 invocasse
2053 2948 2208 2991 cum
2256 2929 2460 2992 etiam
2507 2949 2549 2991 a
2594 2927 3009 2989 Ptolemaeo

812 3058 980 3119 opes
1027 3040 1386 3121 acciperet.

894 3153 1014 3215 IV.
1113 3151 1542 3236 Supplicium
1603 3156 2099 3236 Aristomachi,
2149 3161 2263 3242 qui
2309 3160 2732 3243 Argivorum
2780 3169 3014 3240 tyran-

889 3432 935 3513 l)
976 3434 1041 3491 P.
1088 3433 1165 3491 Π.
1215 3449 1284 3510 51
1332 3439 1361 3504 ξ
1406 3452 1475 3491 23
1520 3439 1630 3496 ἐπεὶ
1669 3439 1729 3496 δὲ
1752 3442 2067 3517 Πτολεμαῖος
2088 3443 2179 3517 μὲν
2205 3443 2465 3518 ἀπογνοὺς
2487 3442 2546 3499 τὸ
2568 3441 2724 3507 ἔθνος
2741 3442 3015 3516 Κλεομένει

799 3545 1042 3611 χορηγῶν
1098 3536 1379 3610 ἐπεβάλετο
1434 3566 1515 3575 ·-
1564 3568 1674 3605 -—-,
1727 3540 1775 3594 οἱ
1826 3533 2085 3616 δ”Αχαίοι
2134 3539 2193 3596 τὸ
2237 3540 2331 3615 μὲν
2379 3548 2580 3616 πρῶτον
2619 3540 3015 3601 ἠλαττώθησαν

800 3635 919 3710 περὶ
957 3632 1043 3690 τὀν
1085 3637 1297 3692 Λύκειον
1341 3665 1423 3673 —
1461 3665 1561 3689 —-.

890 3726 941 3807 2)
997 3727 1150 3784 Plut.
1215 3727 1439 3787 Cleom.
1486 3749 1532 3787 c
1586 3749 1657 3787 22
1703 3765 1779 3773 —-
1823 3732 1921 3788 fin.
1968 3731 2088 3791 fere
2130 3753 2163 3792 e
2203 3733 2542 3810 Phylarcho
2585 3732 2801 3791 hausta
2842 3740 3012 3804 sunt,

803 3824 1065 3901 exceptis
1121 3845 1173 3884 c.
1232 3843 1302 3902 25
1349 3836 1517 3903 parte
1560 3828 1745 3887 altera
1787 3838 1847 3888 et
1889 3849 1935 3887 c
1990 3848 2098 3906 27,
2143 3849 2296 3908 quae
2338 3851 2371 3891 e
2414 3831 2667 3941 Polybio
2711 3828 3013 3891 contraxit

802 3925 1188 3997 PlutarchuS,
1231 3934 1291 3983 et
1334 3943 1466 4002 cap.
1511 3935 1796 3986 extremo,

892 4021 939 4104 3)
983 4024 1208 4083 Cleom.
1254 4043 1306 4082 e.
1354 4044 1461 4082 22:
1507 4017 1605 4086 Πτ.
1645 4031 2083 4108 ἐπαγγελλόμενος
2121 4037 2259 4110 αὐτῷ
2296 4036 2591 4111 βοήθειαν,
2633 4037 2789 4102 ἠξίου
2832 4033 3008 4107 λαβεῖν

804 4125 832 4180 ’ὁ
873 4149 902 4185 η
941 4150 997 4182 α.

834 4149 873 4202 μ
893 4149 943 4299 45
997 4220 1083 4277 Pl.
1141 4221 1346 4281 Cleom
1424 4240 1475 4279 c.
1541 4240 1612 4298 19
1663 4228 1852 4289 διπλῆν
1890 4230 2329 4306 ἐπαγγελλόμενος
2363 4234 2611 4298 σύνταξιν
2650 4255 2714 4295 ης
2750 4229 3007 4306 ἐλάμβανε

808 4321 952 4395 παρὰ
988 4323 1306 4399 Πτολεμαίου
1342 4331 1434 4380 τοῦ
1468 4324 1747 4398 βασιλέως.
