3375 5084
1413 380 1486 440 51

360 576 554 620 suam
624 576 834 639 agere
904 566 1138 637 posset
1153 604 1169 630 ‚
1225 557 1296 618 id
1357 565 1463 619 est
1522 556 1579 618 si
1640 555 1815 618 liber
1874 566 2109 619 sextus
2166 554 2550 620 etiamnunc

361 684 544 737 totus
592 683 861 737 extaret
880 721 894 748 ,
942 672 1367 754 aliquatenus
1413 680 1600 735 certe
1615 720 1632 748 ,
1681 673 1888 735 credo
1906 721 1921 747 ,
1966 672 2327 736 levaretur.
2395 672 2554 735 Per·

360 811 633 854 suasum
695 791 876 854 enim
935 790 1099 853 mihi
1157 800 1261 854 est
1276 839 1291 865 ,
1352 790 1614 852 nullum
1659 789 1868 853 alium
1915 788 2175 854 fontem
2219 791 2400 853 unde
2445 810 2558 853 res

358 918 430 970 et
474 917 784 989 tempora
828 907 1025 990 regni
1070 906 1371 996 Romani
1418 916 1870 989 cognosceret
1903 906 2032 969 nisi
2055 906 2252 970 Fabii
2276 908 2556 970 annales

359 1023 425 1086 ei
485 1033 760 1105 praesto
821 1021 1027 1086 fuisse
1076 1021 1142 1103 ¹);
1198 1043 1290 1085 ex
1334 1022 1439 1086 his
1484 1022 1694 1105 igitur
1740 1033 1811 1086 et
1855 1043 2178 1086 numeros
2230 1042 2556 1086 annorum

359 1150 431 1203 et
498 1160 607 1204 res
675 1150 912 1222 gestas
979 1149 1276 1203 sumeret
1341 1159 1625 1202 necesse
1685 1137 1813 1202 fuit
1829 1188 1844 1215 ,
1906 1139 2034 1202 nisi
2097 1159 2180 1202 ea
2239 1140 2553 1209 omittere

356 1257 602 1332 vellet;
673 1242 918 1347 deinde
980 1276 1135 1319 cum
1189 1256 1455 1319 videret
1509 1257 1695 1337 apud
1738 1253 2097 1338 pontifices
2143 1256 2353 1319 aliam
2397 1256 2558 1319 anni

358 1373 546 1436 urbis
621 1373 934 1436 conditae
1011 1374 1589 1454 computationem
1665 1373 1975 1437 obtinere
1992 1422 2007 1445 ‚
2092 1373 2202 1437 cui
2275 1383 2558 1455 propter

361 1498 713 1551 auctorum
788 1489 1197 1572 gravitatem
1273 1489 1600 1552 maiorem
1669 1487 1876 1552 fidem
1944 1490 2333 1553 habendam
2404 1510 2557 1553 esse

360 1613 633 1684 putaret
650 1653 665 1679 ,
726 1604 901 1667 hanc
965 1624 1120 1668 eum
1182 1605 1375 1668 iuxta
1433 1605 1720 1669 alteram
1781 1604 1979 1669 Fabii
2023 1606 2332 1688 posuisse
2352 1655 2368 1681 ,
2414 1606 2552 1668 ani-

364 1720 722 1782 madversa
785 1720 1059 1801 quidem
1105 1730 1178 1784 et
1220 1729 1457 1784 notata
1500 1720 1961 1802 discrepantia
1977 1770 1992 1797 ,
2039 1722 2162 1784 sed
2207 1721 2434 1804 potius
2480 1740 2555 1784 re

364 1835 571 1898 dubia
631 1835 871 1898 relicta
932 1836 1077 1917 (nisi
1135 1837 1318 1918 quod
1372 1837 1561 1900 addit
1579 1886 1593 1913 ,
1639 1834 2036 1918 pontificum
2083 1836 2563 1900 auctoritatem

365 1952 496 2014 sibi
540 1952 931 2035 graviorem
977 1952 1215 2035 videri)
1261 1973 1466 2034 quam
1511 1964 1588 2018 ut
1631 1963 1990 2035 utramque
2019 1954 2352 2017 rationem
2377 1972 2558 2016 com-

364 2068 682 2132 misceret
750 2079 819 2133 et
881 2070 1140 2151 aliquot
1206 2058 1255 2133 e¹
1305 2071 1603 2134 numeris
1658 2070 1858 2134 Fabii
1902 2071 2207 2153 paullum
2252 2070 2530 2135 mutatis
2546 2119 2561 2145 ,

364 2204 568 2246 unam
631 2205 670 2248 e
734 2186 999 2249 duobus
1062 2187 1640 2267 computationem
1704 2187 1775 2249 vi
1831 2196 1901 2250 et
1955 2185 2192 2250 fraude
2240 2184 2559 2250 efficeret.

369 2300 738 2382 Dionysius
783 2302 957 2364 haec
1004 2300 1148 2364 fere
1195 2302 1358 2384 ipsis
1404 2303 1635 2366 verbis
1680 2303 1967 2367 indicat:
1999 2313 2361 2386 postquam
2383 2302 2563 2365 enim

366 2438 442 2481 se
488 2419 690 2482 certis
737 2419 1157 2501 argumentis
1200 2420 1486 2500 prolatis
1533 2440 1784 2482 annum
1829 2420 2016 2483 urbis
2063 2420 2379 2483 conditae
2404 2439 2561 2482 con-

361 2532 747 2596 stituturum
812 2554 962 2597 esse
1024 2534 1369 2616 professus
1435 2545 1539 2598 est
1555 2583 1571 2609 ‚
1629 2536 1854 2599 addit:
1905 2536 1978 2602 οὐ
2027 2537 2148 2618 γὰρ
2196 2534 2425 2619 ἠξίουν
2472 2535 2558 2608 ὥς

359 2649 690 2734 Πολύβιος
718 2698 732 2714 .
764 2697 815 2714 ..
882 2658 1187 2727 τοσοῦτον
1246 2656 1449 2734 μόνον
1510 2656 1714 2719 εἰπεῖν
1742 2701 1757 2725 ,
1808 2671 1945 2715 non
1990 2672 2283 2734 aequum
2329 2650 2560 2714 censui

362 2765 729 2848 Polybium
772 2766 1020 2833 imitari
1037 2816 1052 2843 ‚
1099 2767 1214 2849 qui
1260 2767 1425 2830 nihil
1471 2767 1656 2831 dicat
1701 2767 1860 2830 nisi:
1907 2768 2185 2831 tabulae
2223 2764 2563 2849 pontificis

367 2882 695 2946 maiorem
755 2881 962 2946 fidem
1014 2885 1403 2947 habendam
1451 2904 1601 2947 esse
1649 2904 1898 2948 censeo
1944 2882 2342 2967 (πείθομαι)”
2359 2932 2374 2959 ,
2421 2882 2560 2965 qui-

366 3019 500 3081 que
576 3018 730 3062 cum
805 3001 1225 3083 argumentis
1300 2974 1415 3063 vel
1491 3020 1617 3082 pro
1683 3000 1800 3063 vel
1870 3009 2107 3064 contra
2176 2999 2563 3082 disputandi

468 3187 588 3194 Q»...-
604 3188 739 3194 ——-—-.

357 3315 625 3375 offenbar
681 3315 835 3374 nach
891 3313 1109 3376 Fabius
1127 3361 1141 3389 ‚
1207 3315 1315 3374 das
1356 3323 1509 3373 erste
1550 3313 1693 3391 Jahr
1740 3313 1845 3372 der
1886 3311 2187 3390 Republik
2234 3332 2349 3384 240
2389 3311 2568 3388 Jahre

361 3413 517 3472 nach
573 3413 669 3473 Ol.
727 3415 823 3473 68.
891 3433 942 3472 1.
1027 3416 1106 3473 Et
1145 3433 1206 3490 p.
1255 3433 1324 3486 14
1371 3411 1557 3493 (Adn.
1605 3412 1777 3494 261):
1820 3411 1918 3472 die
1957 3410 2430 3489 Konigszahlen,
2472 3409 2569 3470 die

363 3512 576 3572 Cicero
641 3513 795 3571 nach
858 3511 1140 3590 Polybius
1203 3510 1444 3589 angiebt
1459 3557 1475 3585 ,
1538 3530 1754 3588 passen
1818 3509 2241 3569 nimmermehr
2302 3529 2376 3569 zu
2431 3509 2568 3568 dem

365 3612 897 3690 Grundungsjahre
940 3611 1034 3671 Ol.
1087 3628 1139 3687 7.
1191 3631 1256 3685 2,
1303 3610 1561 3670 sondern
1600 3630 1714 3669 nur
1755 3630 1830 3669 zu
1872 3609 1968 3669 Ol.
2014 3611 2071 3668 8.
2120 3629 2176 3667 1.
2248 3608 2425 3667 Auch
2466 3608 2569 3665 hat

368 3709 651 3787 Polybius
706 3711 798 3769 fur
850 3709 947 3770 die
988 3712 1164 3770 Rom.
1210 3710 1431 3769 Chron.
1473 3707 1885 3769 nachweislich
1924 3709 2118 3769 neben
2158 3708 2264 3767 der
2306 3704 2571 3766 Chronik

363 3810 470 3869 des
512 3809 729 3869 Fabius
771 3808 867 3869 die
905 3808 1361 3869 Pontificaltafel
1414 3807 1603 3868 seiner
1643 3807 1771 3868 Zeit
1811 3807 2118 3869 benutzt.”
2161 3840 2239 3850 -
2283 3802 2571 3863 Dissentit

360 3907 637 3981 Nitzsch,
679 3909 856 3968 Rom.
903 3906 1250 3967 Annalistik.
1295 3928 1354 3984 p.
1405 3927 1521 3979 224
1564 3907 1702 3966 adn.
1750 3926 1802 3983 3.

462 4005 503 4087 ¹)
542 4008 595 4065 E
641 4007 844 4066 tabula
883 4005 1178 4084 pontificis
1207 4027 1343 4067 eum
1371 4026 1492 4066 non
1516 4005 1790 4066 didicisse
1811 4024 1963 4082 quae
1985 4005 2063 4064 de
2082 4023 2266 4082 regno
2287 4005 2567 4063 Romano

364 4105 584 4180 tradit,
608 4106 767 4165 ‘cum
809 4125 882 4165 ex
924 4105 1053 4183 ipsa
1095 4106 1330 4166 tabulae
1371 4105 1599 4166 ratione
1626 4125 1770 4165 mox
1797 4106 2138 4177 ostendam,
2171 4113 2299 4163 tum
2318 4111 2569 4179 apparet
2605 4180 2609 4185 ,

355 4225 390 4265 e
434 4204 558 4265 Cic.
605 4205 681 4265 de
727 4206 881 4282 Rep.
926 4207 1004 4264 H.
1054 4221 1145 4280 15.
1217 4204 1309 4265 Ibi
1349 4203 1506 4265 enim
1548 4204 1746 4282 Scipio
1788 4223 1822 4264 e
1863 4201 2111 4279 Polybio
2152 4221 2223 4262 ea
2261 4201 2340 4261 de
2367 4203 2569 4261 Numa

363 4314 426 4363 et
467 4305 809 4382 Pythagora
851 4303 1033 4363 tradit
1051 4350 1066 4378 ,
1109 4323 1263 4380 quae
1309 4323 1469 4380 „non
1511 4303 1649 4364 satis
1691 4302 1989 4362 annalium
2025 4301 2400 4379 publicorum
2429 4320 2567 4360 auc-

362 4402 604 4462 toritate
645 4403 946 4463 declarata
988 4401 1273 4462 videret.”
