3375 5084
1450 330 1531 389 33

397 524 632 567 omnes
701 524 810 566 res
869 505 1126 567 habere
1191 524 1467 566 causam
1527 504 1823 584 aliquam
1883 504 2261 567 naturalem
2313 504 2577 568 etiamsi

396 621 628 683 abdita
673 621 760 683 sit
805 605 918 703 (ὧν
970 618 1266 705 δυσχερὲς
1316 621 1451 693 τὰς
1501 620 1779 693 αἰτίας
1828 617 2266 703 καταλαβεῖν).
2337 619 2577 702 Itaque

394 737 786 817 permittere
855 756 992 799 non
1060 738 1390 800 debuerat
1458 757 1575 800 eas
1646 737 1736 798 ad
1796 737 1998 799 deum
2059 737 2175 800 vel
2241 734 2579 799 fortunam

394 851 644 915 referri.
713 853 987 934 Polybii
1029 853 1463 935 philosophia
1506 853 1637 915 hac
1682 853 1753 915 in
1798 858 1872 915 ‘re
1917 853 2167 915 labitur
2182 901 2197 928 ,
2227 873 2366 916 non
2396 853 2580 934 quod

394 968 692 1031 omnium
738 988 962 1031 rerum
1009 972 1249 1032 causas
1293 969 1622 1051 indagare
1668 969 1941 1031 studeat
1959 1017 1973 1043 ,
2020 969 2144 1031 sed
2189 969 2375 1049 quod
2415 967 2577 1031 alia-

393 1103 544 1146 rum
601 1104 827 1147 rerum
873 1104 1113 1148 causas
1157 1105 1233 1148 se
1279 1085 1726 1166 exquisivisse
1771 1084 1972 1148 nimis
2017 1094 2277 1148 temere
2322 1093 2580 1147 statuat

395 1199 492 1281 (ut
555 1200 722 1262 belli
790 1200 1126 1283 alicuius),
1191 1210 1427 1264 contra
1487 1201 1772 1264 aliarum
1837 1220 2064 1263 rerum
2128 1220 2368 1264 causas
2412 1220 2582 1281 quas

393 1315 707 1398 indagari
750 1336 952 1398 posse
999 1317 1317 1398 desperat
1333 1365 1349 1390 ‚
1394 1316 1628 1380 referri
1657 1317 2010 1398 permittat
2038 1317 2128 1379 ad
2156 1316 2580 1380 voluntatem

395 1432 506 1495 dei
550 1433 665 1495 vel
709 1431 1019 1497 fortunae
1037 1482 1051 1509 ‚
1102 1434 1563 1517 „ignorantiae
1595 1433 1897 1515 asylum”
1937 1433 1990 1515 ¹).
2054 1433 2298 1516 Itaque
2322 1443 2580 1497 temere

394 1547 591 1630 vulgi
651 1550 982 1613 rationem
1040 1550 1435 1613 imitandam
1496 1550 1961 1613 commendat:
2034 1547 2254 1631 διόπερ
2324 1552 2578 1622 εἰκότως

397 1666 539 1748 περὶ
590 1665 720 1728 τῶν
771 1645 1090 1730 τοσουτων
1140 1665 1659 1742 ἀκολουθοῦντες
1709 1675 1851 1742 ταῖς
1900 1670 2030 1730 τῶν
2071 1661 2333 1732 πολλῶν
2361 1663 2581 1740 δόξαις

397 1777 510 1844 διὰ
572 1785 689 1860 τὴν
752 1783 1036 1861 ἀπορίαν
1055 1829 1073 1859 ,
1142 1786 1536 1856 ἱκετεύοντες
1604 1785 1715 1847 καὶ
1768 1784 2041 1857 θύοντες
2094 1779 2576 1866 ἐξιλασκόμενοι

397 1898 468 1961 τὸ
530 1902 717 1960 θεῖον
782 1896 1115 1981 πέμπομεν
1183 1901 1550 1984 ἐρησόμενοι
1619 1900 1769 1973 τούς
1834 1900 2029 1973 θεοὺς
2087 1899 2151 1963 τί
2207 1899 2355 1964 ποτ’
2405 1904 2492 1965 ἂν
2541 1880 2585 1979 ἦ

359 2009 696 2090 ’λέγουσιν
744 2018 786 2095 ἤ
830 2020 1222 2095 πράττουσιν
1271 2019 1424 2095 ἡμῖν
1472 2020 1746 2095 ἄμεινον
1797 2016 1893 2098 εἴη
1928 2019 2039 2078 καὶ
2067 2012 2326 2092 γένοιτο
2361 2013 2581 2079 παῦλα

399 2133 529 2194 τῶν
610 2131 977 2196 ἐνεστώτων
1060 2134 1280 2195 κακῶν
1322 2129 1385 2213 ²).
1498 2129 1632 2212 Qui
1691 2131 1822 2194 hac
1882 2131 1996 2194 Via
2054 2130 2433 2213 ingreditur
2492 2132 2583 2193 ad

398 2245 759 2326 pessimam
804 2247 1351 2329 superstitionem
1397 2246 1600 2310 facile
1645 2247 2020 2310 delabetur.
2098 2245 2359 2309 Verum
2403 2266 2581 2309 nunc

400 2362 464 2423 ei
507 2362 660 2424 usui
704 2363 892 2425 venit
938 2364 1124 2445 quod
1169 2364 1373 2426 modo
1420 2363 1858 2444 reprehendi,
1907 2382 2064 2425 eum
2110 2361 2252 2425 fere
2285 2361 2584 2424 omnium

397 2496 624 2539 rerum
683 2478 1049 2541 memoriae
1111 2478 1511 2542 traditarum
1566 2498 1810 2541 causas
1859 2475 2227 2540 efficientes
2270 2477 2584 2559 indagari

398 2612 599 2674 posse
645 2595 940 2657 credere.
1008 2593 1250 2675 Itaque
1297 2593 1601 2674 lepidum
1646 2592 2117 2673 spectaculum
2146 2592 2344 2654 nobis
2374 2588 2574 2654 offert

399 2709 743 2790 scriptoris
757 2758 771 2784 ‚
842 2709 958 2790 qui
1016 2728 1125 2772 res
1184 2708 1464 2772 historia
1524 2708 1807 2772 traditas
1871 2708 1960 2770 ad
2024 2716 2244 2769 certas
2305 2725 2545 2768 causas
2561 2754 2576 2781 ,

398 2844 507 2887 res
576 2834 810 2887 contra
876 2825 1220 2889 naturales
1289 2825 1379 2887 ad
1448 2826 1653 2887 deum
1724 2814 1840 2886 vel
1899 2821 2239 2886 fortunam
2298 2820 2578 2897 referat3

399 2940 590 3003 cuius
657 2940 935 3003 rationis
1001 2941 1413 3004 recentiores
1482 2940 1875 3022 saepissime
1947 2937 2351 3010 contrariam
2412 2937 2580 2999 inire

398 3055 725 3117 videmus,
840 3053 982 3118 Sed
1061 3076 1238 3119 nunc
1328 3056 1716 3136 quaerimus
1785 3056 1871 3117 de
1939 3054 2201 3116 ratione
2270 3073 2407 3134 qua
2472 3072 2583 3115 res

397 3180 632 3253 gestas
694 3180 994 3252 exponat
1012 3220 1026 3246 ‚
1074 3180 1161 3233 et·
1203 3171 1334 3234 hac
1396 3172 1468 3233 in
1526 3191 1601 3233 re
1663 3171 1882 3234 levior
1945 3189 2132 3232 error
2176 3189 2219 3232 a
2263 3168 2582 3251 graviore

400 3307 560 3348 eum
621 3287 912 3350 retinuit.
1004 3287 1181 3349 Nam
1224 3288 1321 3349 ita
1364 3287 1624 3370 pergit:
1673 3272 1768 3351 ὧν
1821 3285 1890 3350 δὲ
1945 3284 2230 3354 δυνατόν
2282 3285 2413 3351 ἐστι
2461 3290 2580 3366 τὴν

402 3405 624 3465 αἰτίαν
693 3403 897 3485 εὑρεῖν
968 3404 1034 3480 ἐξ
1097 3392 1169 3483 ἧς
1230 3409 1340 3468 καὶ
1400 3400 1488 3464 δι’
1541 3404 1618 3483 ἦν
1670 3400 1925 3481 ἐγένετο
1978 3402 2049 3463 τό
2099 3402 2458 3484 συμβαῖνον
2508 3400 2579 3461 οὔ

403 3542 513 3598 μοι
579 3512 758 3583 δοκεῖ
823 3520 950 3582 τῶν
1015 3523 1327 3584 τοιούτων
1381 3515 1519 3585 δεῖν
1571 3519 1675 3582 ε’πὶ
1725 3522 1796 3583 τὸ
1845 3522 2033 3582 θεῖον
2082 3522 2419 3582 ποιεῖσθαι
2464 3519 2583 3596 τὴν

493 3749 533 3833 ¹)
587 3755 653 3811 B.
706 3752 783 3812 de
824 3752 1078 3830 Spinoza
1116 3751 1277 3829 (Eth.
1323 3753 1370 3811 Ι.
1413 3771 1475 3829 p.
1520 3770 1637 3810 220
1682 3752 1777 3810 ed.
1822 3751 2094 3832 Bruder).
2178 3751 2299 3811 cfr.
2342 3750 2467 3810 Pol.
2510 3750 2585 3806 X.

401 3867 432 3928 5
478 3858 506 3923 ξ
548 3853 616 3911 8:
662 3859 710 3914 οἱ
745 3858 849 3932 γὰρ
885 3860 955 3935 μὴ
997 3857 1271 3932 δυνάμενοι
1305 3855 1425 3921 τοὺς
1461 3856 1668 3930 καιροὺς
1701 3855 1837 3931 μηδὲ
1877 3855 1969 3919 τὰς
2003 3857 2176 3919 αἰτίας
2210 3854 2298 3910 καὶ
2327 3854 2592 3916 διαθέσεις

397 3956 625 4012 ἑκάστων
664 3958 890 4032 ἀκριβῶς
925 3958 1233 4031 συνθεωρεῖν
1273 3953 1304 4016 ἦ
1345 3954 1437 4010 διὰ
1471 3955 1863 4029 φαυλότητα
1899 3956 2089 4028 φύσεως
2126 3951 2156 4013 ἦ
2195 3946 2263 4008 δι’
2296 3954 2587 4026 ἀπειρίαν

397 4054 485 4109 καὶ
536 4054 715 4129 ῥᾳθυ
727 4060 917 4130 μίαν,
974 4055 1043 4118 είς
1090 4051 1246 4116 ,θεοὺς
1292 4052 1379 4108 καὶ
1426 4055 1595 4128 τύχας
1648 4055 1955 4127 ἀναφέρουσι
2000 4049 2094 4113 τάς
2142 4052 2315 4113 αἰτίας
2364 4058 2465 4105 τῶν
2521 4043 2591 4105 δι’

401 4154 680 4228 ἀγχίνοιαν
716 4154 772 4208 ἐκ
808 4153 1057 4228 λογισμοῦ
1096 4152 1184 4206 καὶ
1220 4154 1462 4226 προνοίας
1496 4152 1922 4226 ἑπιτελουμένωνς
1962 4152 2021 4202 et
2061 4143 2286 4201 XXIV.
2316 4161 2370 4201 c·
2401 4162 2438 4219 9
2467 4149 2495 4214 ξ
2524 4161 2587 4200 2:

398 4254 477 4313 τίς
508 4251 611 4326 γὰρ
649 4252 849 4324 ἀνάγκη
886 4249 1106 4324 ψευδεῖ
1145 4246 1282 4323 λόγῳ
1319 4252 1600 4326 χρωμένοις
1633 4251 1919 4324 ματαίως
1953 4255 2243 4323 προςκυνεῖν
2284 4247 2376 4307 τὴν
2397 4249 2585 4323 τύχην.

485 4341 535 4423 2)
576 4344 992 4413 P.‚XXXV11.
1037 4361 1088 4401 c.
1134 4362 1171 4414 4
1212 4348 1239 4412 ξ
1284 4361 1341 4416 3.

2388 4445 2422 4496 3
