3375 5084
1884 372 2003 430 132

852 546 1078 629 lybius
1147 568 1201 610 c.
1273 552 1354 626 87
1426 552 1457 622 5
1530 568 1566 624 3
1637 545 2097 608 Hannibalem
2166 546 2416 609 milites
2484 565 2644 608 suos
2700 554 3036 607 armatura

852 662 1171 726 Romana
1233 663 1630 724 instruxisse
1648 711 1662 736 ‚
1734 672 1804 725 et
1865 683 1920 724 c,
1986 668 2070 725 88
2134 667 2165 739 ἓ
2222 685 2243 723 1
2302 682 2458 724 eum
2504 682 2720 742 equos
2765 681 2922 723 suos
2964 670 3039 722 ut

852 778 1155 842 defessos
1200 776 1508 841 reficeret
1553 780 1714 840 vino
1758 789 1993 840 vetere
2036 779 2368 840 lavandos
2414 797 2702 841 curasse.
2802 776 3040 859 Itaque

853 897 939 958 de
984 897 1186 958 rebus
1231 894 1634 957 Hannibalis
1678 894 1893 957 multa
1938 905 2008 957 et
2055 895 2344 978 egregia
2388 894 2719 976 Polybius
2765 914 2808 955 a
2836 893 3042 955 variis

853 1012 1242 1074 auctoribus
1302 1011 1440 1073 suis
1499 1031 1637 1073 non
1696 1010 2034 1073 Romanis
2096 1011 2331 1074 didicit
2347 1059 2361 1087 ,
2424 1030 2598 1093 quae
2644 1011 2733 1073 ad
2777 1009 3046 1072 Livium

849 1148 987 1190 non
1029 1128 1482 1208 pervenerint.
1531 1163 1613 1172 -—
1662 1126 1994 1208 Polybius
2040 1136 2273 1190 autem
2320 1126 2689 1208 diligenter
2734 1126 2917 1188 cavit
2939 1144 3045 1211 *ne

813 1298 818 1302 .
850 1253 1034 1306 totus
1093 1243 1199 1305 his
1258 1242 1647 1306 auctoribus
1694 1244 1964 1306 deditus
2008 1245 2097 1305 ab
2142 1243 2226 1305 iis
2271 1243 2715 1323 deciperetur.
2805 1240 3044 1303 Veluti

851 1360 970 1422 ΠΙ.
1042 1379 1096 1422 c.
1156 1381 1237 1438 33
1300 1360 1638 1423 recensuit
1699 1359 1932 1441 copias
1992 1360 2081 1422 ab
2140 1358 2530 1421 Hannibale
2577 1379 2669 1421 ex
2712 1356 3047 1438 Hispania

850 1477 920 1538 in
978 1473 1289 1538 Africam
1347 1477 1585 1539 ductas
1601 1524 1617 1549 ,
1673 1496 1766 1538 ex
1809 1474 2048 1538 Africa
2091 1475 2161 1537 in
2206 1475 2609 1557 Hispaniam
2654 1474 3043 1547 arcessitas;

851 1593 1130 1654 eosdem
1187 1612 1503 1654 numeros
1558 1602 1629 1655 et
1673 1592 1983 1674 gentium
2027 1592 2301 1654 nomina
2344 1611 2508 1654 vere
2554 1601 2625 1653 et
2672 1590 3041 1672 diligenter

852 1718 1326 1789 composuerat
1382 1705 1673 1772 SilenuS.
1764 1707 1833 1770 Is
1886 1717 2115 1769 autem
2160 1709 2248 1769 ab
2296 1708 2445 1789 ipso
2491 1706 2881 1768 Hannibale
2928 1725 3047 1767 eas

850 1822 1086 1886 didicit
1101 1871 1116 1898 ‚
1178 1824 1450 1886 titulum
1510 1823 1866 1886 columnae
1921 1843 2169 1885 aureae
2214 1824 2283 1885 in
2328 1822 2487 1885 fano
2531 1822 2807 1884 Iunonis
2852 1820 3050 1884 Laci-

850 1938 1003 2002 niae
1048 1939 1446 2021 inscriptum
1489 1959 1627 2000 non
1672 1939 2009 2002 consuluit
2027 1987 2043 2012 ,
2077 1959 2235 2001 nam
2264 1939 2501 2002 titulus
2532 1959 2590 2001 a.
2622 1957 2743 2016 205
2772 1939 3050 1999 demum

852 2054 1072 2119 factus
1119 2066 1224 2119 est
1268 2055 1434 2138 (Liv.
1481 2053 1826 2118 XXVIII.
1874 2076 1929 2118 c.
1979 2057 2110 2136 46),
2158 2066 2228 2119 et
2273 2053 2546 2120 Silenus
2592 2075 2704 2118 res
2732 2054 2891 2116 anni
2917 2074 2954 2114 2
2973 2058 3048 2115 18

854 2172 999 2235 sive
1056 2171 1126 2234 in
1178 2172 1328 2253 ipso
1374 2171 1615 2234 itinere
1660 2172 1807 2234 sive
1852 2171 2087 2252 paullo
2131 2180 2290 2252 post
2334 2170 2733 2252 conscripsit
2750 2219 2765 2245 ,
2811 2179 2887 2234 ut
2932 2189 3054 2251 ap-

850 2297 1046 2369 paret
1105 2308 1145 2350 e
1207 2287 1520 2370 diligenti
1579 2307 1803 2350 rerum
1862 2287 2150 2369 singulis
2206 2288 2447 2350 diebus
2503 2297 2853 2370 gestarum
2897 2306 3053 2348 nar-

849 2405 1127 2474 ratione.
1218 2402 1434 2484 Atqui
1495 2401 1576 2465 si'
1613 2424 1789 2485 quae
1850 2403 2083 2467 Livius
2145 2405 2413 2485 scripsit
2470 2403 2730 2486 (XXII.
2786 2423 2841 2465 c.
2907 2423 2942 2463 2
2962 2402 3052 2484 1):

858 2530 969 2597 „ut
1030 2520 1183 2582 Afri
1241 2521 1312 2600 in
1371 2519 1706 2601 Hispania
1721 2508 1745 2595 ‚⁴
1799 2519 2089 2601 Hispani
2147 2521 2219 2582 in
2278 2494 2516 2583 Africa
2562 2521 2752 2582 velut
2795 2518 3052 2582 mutuis

852 2637 1250 2720 pigneribus
1297 2638 1612 2720 obligati,
1661 2638 1998 2719 stipendia
2043 2636 2382 2700 facerenff'
2416 2635 2630 2701 Sileni
2661 2646 2832 2709 sunt,
2860 2646 3056 2698 certe

851 2755 1055 2817 etiam
1121 2754 1294 2817 haec
1362 2754 1636 2836 Polybii
1696 2755 1923 2816 verba.
1971 2756 2059 2816 ad
2119 2756 2410 2818 eundem
2453 2753 2812 2817 referenda
2855 2764 3052 2816 sunt:

852 2872 928 2953 (c,
978 2892 1057 2949 33
1109 2876 1140 2947 ἓ
1190 2872 1250 2952 8)
1298 2876 1367 2936 ἐκ
1413 2872 1533 2952 μὲν
1581 2873 1836 2955 Λιβύης
1884 2875 1973 2948 εἷς
2023 2870 2359 2957 Ἰβηρίαν,
2411 2875 2480 2935 ἐκ
2530 2869 2591 2934 δ’
2636 2870 2927 2956 Ἰβηρίας
2967 2873 3057 2943 εἷς

850 2987 1111 3071 Λιβύην
1188 2983 1521 3071 διεβίβαζε
1584 2991 2024 3069 στρατιώτας,
2085 2985 2472 3070 ἐκδεσμεύων
2539 2993 2657 3069 τὴν
2723 2987 3055 3070 ἑκατέρων

851 3105 1072 3169 πίστιν
1137 3105 1226 3175 εἷς
1283 3099 1605 3185 ἀλλήλους
1663 3101 1774 3165 διὰ
1827 3115 1936 3185 τῆς
1985 3106 2290 3186 τοιαύτης
2339 3103 2731 3185 οἰκονομίας.
2824 3101 3060 3164 Etiam

853 3218 988 3280 alia
1045 3218 1242 3280 huius
1305 3219 1544 3300 capitis
1604 3228 1761 3282 sunt
1821 3216 2066 3295 Sileni,
2130 3225 2161 3297 ἓ
2218 3241 2328 3298 13:
2376 3219 2755 3299 ἀπέστειλεν
2801 3214 3056 3293 ἄλλους

854 3339 942 3407 εἷς
1026 3315 1510 3419 Καρχηδόνα..
1545 3384 1558 3398 .
1631 3335 1933 3420 ὁμηρείας
2007 3337 2280 3420 ἔχοντας
2352 3341 2461 3399 καὶ
2533 3335 2849 3420 βοηθείας
2916 3335 3062 3418 ἅμα

853 3448 1041 3525 τάξιν
1062 3498 1078 3531 ,
1149 3470 1306 3513 nam
1372 3452 1554 3515 idem
1621 3452 1767 3516 Liv.
1841 3474 1897 3515 c.
1965 3474 1996 3514 2
2015 3475 2038 3514 1
2108 3451 2231 3515 fin:
2304 3490 2426 3528 „--
2492 3489 2575 3497 ——
2639 3451 3059 3534 praesidium

853 3567 1129 3629 eosdem
1199 3576 1268 3629 et
1337 3567 1608 3631 obsides
1624 3616 1638 3642 ‚
1711 3567 1865 3631 duci
1927 3567 2410 3650 Carthaginem
2470 3568 2712 3630 iubet''.
2806 3566 3057 3648 Itaque

853 3703 909 3745 c.
994 3704 1075 3761 33
1155 3700 1395 3746 revera
1467 3683 1799 3765 Polybius
1868 3682 2176 3749 Silenum
2245 3686 2334 3747 ad
2401 3686 2616 3747 verba
2684 3684 3030 3765 expressit
3045 3732 3059 3758 ‚

852 3817 1073 3880 neque
1124 3798 1308 3861 aliud
1354 3798 1517 3880 quid
1562 3801 1873 3876 mutavit,
1918 3801 2046 3863 nisi
2093 3802 2278 3882 quod
2323 3809 2399 3864 ut
2443 3801 2713 3867 videtur
2744 3799 3058 3863 ordinem

852 3914 1197 3976 nominum
1267 3924 1337 3977 et
1405 3915 1712 3996 gentium
1772 3916 2070 3979 servavit
2131 3916 2351 3998 qualis
2410 3916 2480 3978 in
2540 3916 2737 3978 titulo
2797 3915 3027 3977 inerat
3042 3962 3059 3989 ‚

872 4132 1233 4141 ———.—

851 4287 913 4346 in
954 4291 1234 4367 Apuliam
1274 4293 1498 4351 factum
1538 4290 1722 4351 tradit
1737 4337 1752 4366 ,
1795 4293 1899 4352 sed
1941 4312 2015 4352 ea
2055 4294 2223 4371 apud
2261 4313 2398 4352 eum
2441 4293 2854 4355 desiderantur
2898 4311 3062 4369 quae

855 4385 904 4444 si
942 4387 1140 4448 Livius
1182 4409 1375 4467 cogno
1383 4390 1555 4450 visset
1598 4410 1735 4450 eum
1777 4390 2041 4451 omisisse
2082 4412 2158 4451 ne
2199 4390 2457 4471 intellegi
2498 4391 2740 4470 quidem
2782 4402 3010 4469 posset.
