3375 5084
1864 364 1944 424 74

816 546 941 601 tur.
1035 538 1245 619 Apud
1293 539 1563 601 Livium
1608 539 1791 620 (peri.
1849 538 1946 620 18)
1991 539 2313 621 Regulus
2359 558 2822 602 successorem
2870 540 3003 601 sibi

816 655 990 718 mitti
1072 656 1410 736 postulat3
1488 676 1651 718 mox
1729 666 1967 738 captus
2044 677 2087 718 a
2164 655 2834 737 Carthaginiensibus
2912 657 3004 717 ad

811 780 1117 834 senatum
1179 772 1422 834 missus
1483 782 1560 834 ut
1622 773 1709 834 de
1763 792 1936 853 pace
1983 781 2226 854 ageret
2243 821 2257 846 ,
2303 792 2378 834 re
2425 770 2675 835 infecta
2722 771 3003 835 Cartha-

807 887 1040 968 ginem
1086 908 1398 951 reversus
1445 887 1782 969 supplicio
1827 888 2023 969 perit.
2119 887 2316 950 Haec
2370 887 2605 949 Livius
2652 896 2722 950 et
2766 907 2999 950 recen-

807 1002 1015 1065 tiores
1081 1004 1402 1067 historiae
1474 1003 1836 1084 scriptores
1898 1003 1993 1067 ita
2056 1011 2406 1085 exponunt
2466 1013 2541 1065 ut
2609 1003 3000 1066 laudatores

809 1119 1073 1201 Reguli
1136 1141 1219 1182 ea
1281 1129 1780 1183 exornaverant
1836 1116 1916 1201 ¹);
1981 1121 2144 1201 quid
2189 1117 2461 1206 {Fabius
2506 1119 2858 1183 tradiderit
2901 1120 2998 1181 in-

810 1245 1068 1299 certum
1138 1246 1259 1300 est.
1375 1235 1516 1300 Sed
1579 1247 1845 1300 constat
1907 1246 2215 1319 tempore
2279 1237 2555 1318 Polybii
2615 1237 2750 1299 iam
2810 1236 3002 1299 initia

810 1372 1043 1414 earum
1088 1352 1467 1415 fabularum
1514 1352 1810 1415 adfuisse
1850 1353 1924 1434 2);
1977 1364 2046 1416 et
2092 1353 2460 1434 Polybium
2506 1373 2545 1415 e
2593 1352 2862 1415 Philino
2889 1372 3001 1414 res

808 1469 1072 1550 Reguli
1133 1470 1435 1532 hausisse
1503 1479 1792 1551 apparet
1838 1469 1956 1532 ubi
2001 1469 2382 1532 Diodorum
2430 1469 2795 1532 contuleris
2833 1467 2907 1548 ³);
2958 1489 3000 1530 a

809 1584 1080 1646 Philino
1127 1585 1337 1667 igitur
1380 1595 1730 1667 permotus
1776 1596 1880 1648 est
1924 1593 1998 1677 ut
2029 1585 2181 1647 illas
2213 1585 2611 1648 traditiones
2637 1585 2997 1647 omitteret.

897 1700 1138 1782 Neque
1199 1701 1419 1763 minus
1482 1721 1524 1762 a
1568 1701 1857 1783 vulgata
1903 1702 2225 1764 Romana
2270 1701 2630 1764 traditione
2679 1698 2999 1778 differunt

811 1838 987 1898 quae
1047 1829 1273 1881 narrat
1331 1816 1663 1899 Polybius
1723 1818 1810 1881 de
1871 1818 1946 1881 P.
2011 1817 2325 1882 Cornelio
2389 1815 2709 1899 Scipione
2781 1816 3000 1879 Asina

810 1933 880 2015 (Ι.
929 1954 984 1996 o.
1036 1954 1107 1994 21
1165 1939 1415 2013 §.i—o
1466 1942 1535 1997 et
1579 1933 1769 1997 VIII.
1818 1955 1873 1998 c.
1930 1956 1952 1995 1
2010 1939 2040 2010 ἕ
2092 1934 2168 2014 9).
2259 1934 2326 1995 Is
2374 1953 2527 1996 cum
2586 1952 2658 2012 17
2707 1933 2995 1994 navibus

808 2068 851 2110 a
914 2048 1154 2111 Boode
1216 2050 1417 2112 classi
1482 2050 2011 2125 circumventuS,
2071 2069 2223 2113 cum
2270 2049 2518 2112 milites
2566 2049 2711 2111 eius
2754 2049 2823 2111 in
2867 2057 3001 2112 ter-

810 2156 954 2227 ram
1002 2167 1491 2229 descendentes
1536 2166 1773 2249 fugam
1821 2177 2164 2248 peterent,
2212 2166 2608 2248 perterritus
2644 2162 2996 2248 (ἐκπαγλὴς

814 2283 1177 2363 γενόμενος)
1269 2292 1338 2344 et
1418 2282 1798 2346 inconsulto
1884 2279 2170 2364 (ἀλόγως)
2254 2282 2566 2345 hostibus
2651 2301 2725 2343 se
2796 2281 3002 2343 dedit.

816 2396 1070 2461 Omnes
1116 2399 1528 2463 recentiores
1577 2399 1940 2480 scriptores
1978 2398 2022 2480 4)
2071 2408 2423 2480 exponunt
2469 2400 2554 2461 de
2600 2396 2884 2479 perfidia
2932 2407 3005 2459 et

900 2694 940 2776 ¹)
983 2696 1102 2755 Cfr.
1146 2697 1493 2756 Lachmann
1536 2696 1612 2755 de
1652 2696 1799 2755 font.
1842 2695 1973 2756 Liv.
2018 2698 2093 2754 ΙΙ.
2139 2718 2197 2774 p.
2244 2717 2299 2769 4.

890 2794 939 2874 3)
983 2795 1131 2854 Gell.
1189 2796 1263 2853 N.
1323 2797 1397 2853 A.
1456 2797 1589 2852 VII.
1650 2816 1687 2868 4
1738 2802 1766 2865 ς
1815 2814 1966 2870 1-3
2011 2794 2381 2854 Tuditanum
2422 2796 2730 2871 aequalem
2772 2792 3006 2870 Polybii

811 2892 1121 2953 tradidisse
1165 2893 1309 2953 dicit
1351 2895 1426 2954 de
1469 2893 1738 2952 cruciatu
1781 2893 2010 2971 Reguli

896 2991 943 3073 3)
985 2995 1051 3051 P.
1096 3013 1148 3052 c.
1187 3013 1257 3069 31
1288 3000 1315 3065 ξ
1350 2997 1419 3052 6.
1452 2998 1517 3070 „‘o
1543 3021 1603 3072 μ
1584 2998 1633 3053 ὲν
1658 2997 1761 3072 γὰρ
1930 2991 2109 3052 Diod.
2132 2994 2358 3052 XXIII.
2390 3013 2492 3052 12:
2519 3027 2595 3036 —-
2618 2997 2795 3072 ἔφησεν
2823 2995 3018 3059 αὐτοὺς

810 3100 1019 3172 Μάρκος
1037 3141 1050 3164 ,
1093 3098 1159 3160 ὡς
1194 3097 1290 3157 ἤδη
1322 3099 1642 3172 κεκρατηκὼς
1661 3104 1761 3150 τῶν
1850 3096 1958 3152 δεῖν
1983 3098 2277 3153 τούναντίον
2306 3100 2490 3173 χάριν
2518 3095 2655 3172 ἔχειν
2681 3096 2763 3152 ἐπὶ
2786 3098 3012 3162 τούτοις,

808 3195 936 3250 ’ὅλων
954 3238 968 3262 ,
1027 3194 1075 3262 ’6,
1093 3218 1118 3249 τ
1138 3218 1154 3250 ι
1210 3196 1382 3251 ποτὲ
1423 3199 1768 3271 συνεχώρει
1849 3199 1919 3271 μὴ
1963 3197 2253 3270 δυναμένων
2279 3195 2383 3271 γὰρ
2408 3197 2578 3252 αὐτῶν
2604 3201 2733 3269 μήτε
2758 3193 2890 3250 κατὰ
2914 3203 3015 3267 γῆν

807 3299 910 3348 πᾶν
975 3292 1014 3366 ᾤ
1029 3315 1051 3348 ε
1065 3315 1095 3346 τ
1109 3315 1134 3348 ο
1198 3293 1232 3348 ὃ
1245 3300 1339 3349 εῖν
1403 3316 1436 3347 α
1452 3296 1480 3348 ὐ
1495 3317 1525 3346 τ
1540 3317 1564 3349 ο
1580 3295 1608 3349 ὺ
1624 3318 1646 3357 ς
1708 3298 1767 3351 ἐν
1847 3301 1978 3369 μήτε
2002 3295 2136 3351 κατὰ
2161 3295 2438 3351 ,θάλατταν
2463 3294 2590 3369 ὑπὲρ
2610 3301 2702 3357 τῆς
2718 3294 3021 3366 ἐλευθερίας

807 3396 1031 3468 χάριτι
1051 3392 1155 3446 καὶ
1178 3393 1374 3468 δωρεᾷ
1398 3392 1766 3468 λαμβάνειν.
1850 3396 2274 3460 ἀντιτάξασθαι,
2316 3398 2434 3447 πᾶν
2473 3391 2539 3448 τὸ
2579 3397 3017 3469 συγχωρούμε-

1841 3516 1926 3549 νον
1965 3487 2043 3567 ὑφ’
2084 3493 2268 3547 ἑαυτοῦ
2308 3492 2659 3567 λαμβάνειν
2693 3494 2750 3546 ἐν
2784 3492 3012 3566 δωρεᾷ.

890 3585 1192 3645 Diodorus
1249 3586 1398 3645 haec
1456 3604 1575 3645 non
1618 3606 1650 3645 e
1693 3586 1943 3664 Polybio
1985 3584 2210 3657 hausit,
2254 3604 2393 3642 nam
2438 3594 2556 3643 tres
2596 3586 2823 3663 legatos
2862 3587 3015 3645 Poe-

806 3705 1020 3746 norum
1081 3684 1349 3744 nominat
1409 3684 1513 3761 qui
1571 3686 1868 3763 Regulum
1926 3704 2137 3762 pacem
2197 3693 2434 3743 orarent
2491 3703 2640 3760 quos
2696 3684 2821 3743 Pol.
2886 3704 3014 3744 non

807 3783 1075 3845 nominat
1115 3781 1372 3863 (videtur
1422 3785 1498 3842 ab
1542 3782 1841 3860 eclogario
1884 3782 2168 3842 omissum
2215 3801 2340 3841 esse
2383 3782 2547 3858 quod
2589 3783 2975 3858 praecederet
2997 3831 3011 3847 .

808 3885 1106 3962 Regulum
1158 3883 1385 3960 legatos
1429 3880 1652 3941 misisse
1697 3881 1798 3958 qui
1841 3881 1920 3940 ad
1963 3900 2175 3958 pacem
2217 3879 2669 3961 provocarent);
2713 3879 2891 3958 igitur
2934 3867 3015 3941 ex

809 3984 1029 4042 eodem‘
1063 3983 1225 4041 fonte
1268 3991 1404 4040 sunt
1447 3980 1649 4040 ducta.

894 4081 943 4163 4)
985 4081 1094 4140 Liv
1155 4080 1301 4156 peri.
1353 4097 1443 4154 17.
1515 4081 1759 4152 FloruS,
1803 4079 2158 4156 EutropiuS,
2207 4079 2485 4153 Orosius,
2528 4081 2861 4156 Polyaenus
2904 4083 3016 4141 VI.

818 4183 907 4238 16.
978 4200 1044 4256 5,
1108 4181 1367 4246 Zonaras
1422 4181 1587 4237 VIII.
1653 4199 1745 4237 10.
1830 4178 2085 4256 Neuling
2138 4179 2159 4236 l
2235 4198 2395 4255 supr.
2455 4179 2492 4236 1.
2552 4200 2610 4255 p.
2672 4199 2747 4255 30
2792 4180 3022 4239 conicit

811 4282 1103 4338 Zonaram
1146 4290 1206 4337 et
1247 4279 1611 4355 Polyaenum
1656 4279 1892 4336 tradere
1932 4297 2025 4336 res
2069 4277 2350 4351 Diodori,
2396 4277 2554 4337 hunc
2597 4297 2629 4336 e
2670 4277 2859 4338 Fabio
2905 4299 3023 4338 sua

812 4377 1107 4455 hausisse3
1152 4378 1256 4440 sed
1297 4379 1446 4439 haec
1487 4375 1660 4437 nimis
1702 4375 1928 4439 incerta
1971 4387 2122 4437 sunt.
