<?xml version="1.0" encoding="UTF-8"?>
<!DOCTYPE html PUBLIC "-//W3C//DTD XHTML 1.0 Transitional//EN"
    "http://www.w3.org/TR/xhtml1/DTD/xhtml1-transitional.dtd">
<html xmlns="http://www.w3.org/1999/xhtml" xml:lang="en" lang="en">
 <head>
  <title>
</title>
<meta http-equiv="Content-Type" content="text/html;charset=utf-8" />
  <meta name='ocr-system' content='tesseract 3.04.00' />
  <meta name='ocr-capabilities' content='ocr_page ocr_carea ocr_par ocr_line ocrx_word'/>
</head>
<body>
  <div class='ocr_page' id='page_1' title='image "./depolybiifontib00wetegoog_0093.png"; bbox 0 0 3375 5084; ppageno 0'>
   <div class='ocr_carea' id='block_1_1' title="bbox 1392 357 1463 413">
    <p class='ocr_par' dir='ltr' id='par_1_1' title="bbox 1392 357 1463 413">
     <span class='ocr_line' id='line_1_1' title="bbox 1392 357 1463 413; baseline -0.028 0"><span class='ocrx_word' id='word_1_1' title='bbox 1392 357 1463 413; x_wconf 90' lang='lat'><strong>81</strong></span> 
     </span>
    </p>
   </div>
   <div class='ocr_carea' id='block_1_2' title="bbox 332 543 2535 2137">
    <p class='ocr_par' dir='ltr' id='par_1_2' title="bbox 332 543 2535 2137">
     <span class='ocr_line' id='line_1_2' title="bbox 340 543 2527 626; baseline 0.001 -20"><span class='ocrx_word' id='word_1_2' title='bbox 340 544 649 626; x_wconf 84' lang='lat' dir='ltr'><strong>Pugnam</strong></span> <span class='ocrx_word' id='word_1_3' title='bbox 727 544 815 606; x_wconf 92' lang='lat' dir='ltr'><strong>ad</strong></span> <span class='ocrx_word' id='word_1_4' title='bbox 893 543 1221 605; x_wconf 81' lang='lat' dir='ltr'>Faesulas</span> <span class='ocrx_word' id='word_1_5' title='bbox 1299 553 1569 624; x_wconf 86' lang='lat' dir='ltr'><strong>gestam</strong></span> <span class='ocrx_word' id='word_1_6' title='bbox 1656 543 1754 624; x_wconf 92' lang='lat' dir='ltr'><strong>(P.</strong></span> <span class='ocrx_word' id='word_1_7' title='bbox 1827 563 1880 605; x_wconf 97' lang='lat' dir='ltr'><strong>c.</strong></span> <span class='ocrx_word' id='word_1_8' title='bbox 1961 563 2037 621; x_wconf 88' lang='lat'><strong>25</strong></span> <span class='ocrx_word' id='word_1_9' title='bbox 2114 544 2231 626; x_wconf 86' lang='lat' dir='ltr'><strong>sq.)</strong></span> <span class='ocrx_word' id='word_1_10' title='bbox 2303 546 2527 609; x_wconf 91' lang='lat' dir='ltr'><strong>omisit</strong></span> 
     </span>
     <span class='ocr_line' id='line_1_3' title="bbox 339 657 2529 741; baseline 0 -19"><span class='ocrx_word' id='word_1_11' title='bbox 339 659 646 734; x_wconf 90' lang='lat' dir='ltr'><strong>Orosius;</strong></span> <span class='ocrx_word' id='word_1_12' title='bbox 716 659 1053 741; x_wconf 89' lang='lat' dir='ltr'><strong>proelium</strong></span> <span class='ocrx_word' id='word_1_13' title='bbox 1123 679 1257 740; x_wconf 90' lang='lat' dir='ltr'><strong>quo</strong></span> <span class='ocrx_word' id='word_1_14' title='bbox 1331 657 1402 721; x_wconf 90' lang='lat' dir='ltr'><strong>C.</strong></span> <span class='ocrx_word' id='word_1_15' title='bbox 1474 658 1731 721; x_wconf 90' lang='lat' dir='ltr'><strong>Atilius</strong></span> <span class='ocrx_word' id='word_1_16' title='bbox 1797 658 2033 720; x_wconf 91' lang='lat' dir='ltr'><strong>consul</strong></span> <span class='ocrx_word' id='word_1_17' title='bbox 2096 660 2358 722; x_wconf 90' lang='lat' dir='ltr'><strong>occisus</strong></span> <span class='ocrx_word' id='word_1_18' title='bbox 2425 672 2529 724; x_wconf 90' lang='lat' dir='ltr'><strong>est</strong></span> 
     </span>
     <span class='ocr_line' id='line_1_4' title="bbox 335 774 2530 859; baseline 0 -20"><span class='ocrx_word' id='word_1_19' title='bbox 335 776 426 859; x_wconf 91' lang='lat' dir='ltr'><strong>(P.</strong></span> <span class='ocrx_word' id='word_1_20' title='bbox 497 797 551 839; x_wconf 88' lang='lat' dir='ltr'><strong>c.</strong></span> <span class='ocrx_word' id='word_1_21' title='bbox 622 777 724 858; x_wconf 88' lang='lat'><strong>28)</strong></span> <span class='ocrx_word' id='word_1_22' title='bbox 785 777 1011 859; x_wconf 85' lang='lat' dir='ltr'><strong>tangit</strong></span> <span class='ocrx_word' id='word_1_23' title='bbox 1070 774 1150 838; x_wconf 89' lang='lat' dir='ltr'><strong>O.</strong></span> <span class='ocrx_word' id='word_1_24' title='bbox 1199 776 1431 839; x_wconf 90' lang='lat' dir='ltr'><strong>addito</strong></span> <span class='ocrx_word' id='word_1_25' title='bbox 1477 795 1760 838; x_wconf 91' lang='lat' dir='ltr'><strong>numero</strong></span> <span class='ocrx_word' id='word_1_26' title='bbox 1805 774 2198 857; x_wconf 83' lang='lat' dir='ltr'><strong>fugatorum</strong></span> <span class='ocrx_word' id='word_1_27' title='bbox 2245 778 2530 859; x_wconf 88' lang='lat'><strong>(80.000)</strong></span> 
     </span>
     <span class='ocr_line' id='line_1_5' title="bbox 336 890 2530 973; baseline 0.001 -19"><span class='ocrx_word' id='word_1_28' title='bbox 336 902 404 954; x_wconf 92' lang='lat' dir='ltr'><strong>et</strong></span> <span class='ocrx_word' id='word_1_29' title='bbox 468 912 818 955; x_wconf 92' lang='lat' dir='ltr'><strong>caesorum</strong></span> <span class='ocrx_word' id='word_1_30' title='bbox 881 891 1118 973; x_wconf 88' lang='lat'><strong>(3000).</strong></span> <span class='ocrx_word' id='word_1_31' title='bbox 1211 891 1527 973; x_wconf 91' lang='lat' dir='ltr'><strong>Denique</strong></span> <span class='ocrx_word' id='word_1_32' title='bbox 1588 911 1905 954; x_wconf 86' lang='lat' dir='ltr'><strong>numeros</strong></span> <span class='ocrx_word' id='word_1_33' title='bbox 1972 890 2325 955; x_wconf 85' lang='lat' dir='ltr'><strong>Gallorum</strong></span> <span class='ocrx_word' id='word_1_34' title='bbox 2376 914 2530 956; x_wconf 92' lang='lat' dir='ltr'><strong>cae-</strong></span> 
     </span>
     <span class='ocr_line' id='line_1_6' title="bbox 336 1008 2530 1092; baseline 0.001 -22"><span class='ocrx_word' id='word_1_35' title='bbox 336 1029 559 1071; x_wconf 91' lang='lat' dir='ltr'><strong>sorum</strong></span> <span class='ocrx_word' id='word_1_36' title='bbox 629 1010 696 1071; x_wconf 90' lang='lat' dir='ltr'><strong>in</strong></span> <span class='ocrx_word' id='word_1_37' title='bbox 766 1009 1030 1091; x_wconf 87' lang='lat' dir='ltr'><strong>proelio</strong></span> <span class='ocrx_word' id='word_1_38' title='bbox 1104 1009 1192 1070; x_wconf 96' lang='lat' dir='ltr'><strong>ad</strong></span> <span class='ocrx_word' id='word_1_39' title='bbox 1262 1008 1711 1071; x_wconf 82' lang='lat' dir='ltr'>Telamonem</span> <span class='ocrx_word' id='word_1_40' title='bbox 1781 1009 1964 1090; x_wconf 91' lang='lat' dir='ltr'><strong>apud</strong></span> <span class='ocrx_word' id='word_1_41' title='bbox 2033 1018 2396 1092; x_wconf 89' lang='lat' dir='ltr'><strong>utrumque</strong></span> <span class='ocrx_word' id='word_1_42' title='bbox 2461 1020 2530 1073; x_wconf 92' lang='lat' dir='ltr'><strong>et</strong></span> 
     </span>
     <span class='ocr_line' id='line_1_7' title="bbox 332 1124 2529 1208; baseline 0 -21"><span class='ocrx_word' id='word_1_43' title='bbox 332 1125 729 1207; x_wconf 90' lang='lat' dir='ltr'><strong>Eutropium</strong></span> <span class='ocrx_word' id='word_1_44' title='bbox 790 1124 928 1208; x_wconf 94' lang='grc' dir='ltr'><strong>(ΙΙΙ.</strong></span> <span class='ocrx_word' id='word_1_45' title='bbox 992 1145 1046 1187; x_wconf 90' lang='grc'>0.</span> <span class='ocrx_word' id='word_1_46' title='bbox 1104 1126 1164 1207; x_wconf 94' lang='grc'><strong>3)</strong></span> <span class='ocrx_word' id='word_1_47' title='bbox 1217 1125 1399 1188; x_wconf 93' lang='lat' dir='ltr'><strong>idem</strong></span> <span class='ocrx_word' id='word_1_48' title='bbox 1445 1125 1701 1207; x_wconf 83' lang='lat' dir='ltr'><strong>legitur</strong></span> <span class='ocrx_word' id='word_1_49' title='bbox 1746 1124 1841 1207; x_wconf 92' lang='lat' dir='ltr'><strong>(P.</strong></span> <span class='ocrx_word' id='word_1_50' title='bbox 1894 1145 1948 1187; x_wconf 97' lang='lat' dir='ltr'><strong>c.</strong></span> <span class='ocrx_word' id='word_1_51' title='bbox 2000 1147 2073 1203; x_wconf 85' lang='lat'><strong>31</strong></span> <span class='ocrx_word' id='word_1_52' title='bbox 2133 1131 2163 1202; x_wconf 99' lang='grc'>5</span> <span class='ocrx_word' id='word_1_53' title='bbox 2216 1147 2286 1201; x_wconf 90' lang='lat'><strong>2;</strong></span> <span class='ocrx_word' id='word_1_54' title='bbox 2337 1124 2529 1202; x_wconf 85' lang='lat' dir='ltr'><strong>Oros.</strong></span> 
     </span>
     <span class='ocr_line' id='line_1_8' title="bbox 333 1239 2529 1323; baseline 0.001 -20"><span class='ocrx_word' id='word_1_55' title='bbox 333 1251 401 1303; x_wconf 91' lang='lat' dir='ltr'><strong>et</strong></span> <span class='ocrx_word' id='word_1_56' title='bbox 444 1240 630 1304; x_wconf 87' lang='lat' dir='ltr'><strong>Eutr.</strong></span> <span class='ocrx_word' id='word_1_57' title='bbox 683 1240 941 1322; x_wconf 89' lang='lat'><strong>40000).</strong></span> <span class='ocrx_word' id='word_1_58' title='bbox 1031 1241 1114 1302; x_wconf 89' lang='lat' dir='ltr'><strong>In</strong></span> <span class='ocrx_word' id='word_1_59' title='bbox 1162 1240 1599 1322; x_wconf 85' lang='lat' dir='ltr'>expeditione</span> <span class='ocrx_word' id='word_1_60' title='bbox 1649 1239 1874 1303; x_wconf 85' lang='lat' dir='ltr'><strong>Fulvii</strong></span> <span class='ocrx_word' id='word_1_61' title='bbox 1924 1250 1993 1303; x_wconf 92' lang='lat' dir='ltr'><strong>et</strong></span> <span class='ocrx_word' id='word_1_62' title='bbox 2040 1240 2280 1303; x_wconf 92' lang='lat' dir='ltr'><strong>Manlii</strong></span> <span class='ocrx_word' id='word_1_63' title='bbox 2327 1241 2421 1323; x_wconf 93' lang='lat' dir='ltr'><strong>(P.</strong></span> <span class='ocrx_word' id='word_1_64' title='bbox 2476 1262 2529 1305; x_wconf 90' lang='lat' dir='ltr'><strong>e.</strong></span> 
     </span>
     <span class='ocr_line' id='line_1_9' title="bbox 336 1356 2528 1440; baseline 0.001 -22"><span class='ocrx_word' id='word_1_65' title='bbox 336 1378 407 1434; x_wconf 84' lang='lat'><strong>31</strong></span> <span class='ocrx_word' id='word_1_66' title='bbox 487 1363 517 1433; x_wconf 88' lang='grc'>5</span> <span class='ocrx_word' id='word_1_67' title='bbox 587 1357 778 1439; x_wconf 83' lang='lat'>7—9)</span> <span class='ocrx_word' id='word_1_68' title='bbox 841 1367 910 1420; x_wconf 92' lang='lat' dir='ltr'><strong>et</strong></span> <span class='ocrx_word' id='word_1_69' title='bbox 973 1356 1288 1420; x_wconf 90' lang='lat' dir='ltr'><strong>Flaminii</strong></span> <span class='ocrx_word' id='word_1_70' title='bbox 1341 1359 1417 1440; x_wconf 92' lang='lat' dir='ltr'><strong>(c.</strong></span> <span class='ocrx_word' id='word_1_71' title='bbox 1470 1378 1549 1435; x_wconf 85' lang='lat'><strong>32</strong></span> <span class='ocrx_word' id='word_1_72' title='bbox 1610 1358 1730 1439; x_wconf 89' lang='lat' dir='ltr'><strong>sq.)</strong></span> <span class='ocrx_word' id='word_1_73' title='bbox 1777 1377 2095 1420; x_wconf 90' lang='lat' dir='ltr'><strong>numeros</strong></span> <span class='ocrx_word' id='word_1_74' title='bbox 2141 1378 2278 1420; x_wconf 93' lang='lat' dir='ltr'><strong>non</strong></span> <span class='ocrx_word' id='word_1_75' title='bbox 2323 1358 2528 1420; x_wconf 88' lang='lat' dir='ltr'><strong>tradit</strong></span> 
     </span>
     <span class='ocr_line' id='line_1_10' title="bbox 333 1464 2532 1555; baseline 0.001 -21"><span class='ocrx_word' id='word_1_76' title='bbox 333 1472 693 1555; x_wconf 86' lang='lat' dir='ltr'><strong>Polybius,</strong></span> <span class='ocrx_word' id='word_1_77' title='bbox 768 1464 1048 1536; x_wconf 85' lang='lat' dir='ltr'><strong>Orosius</strong></span> <span class='ocrx_word' id='word_1_78' title='bbox 1109 1474 1179 1535; x_wconf 89' lang='lat' dir='ltr'><strong>in</strong></span> <span class='ocrx_word' id='word_1_79' title='bbox 1242 1473 1361 1536; x_wconf 93' lang='lat' dir='ltr'><strong>illa</strong></span> <span class='ocrx_word' id='word_1_80' title='bbox 1429 1492 1678 1551; x_wconf 85' lang='lat'><strong>23000‚</strong></span> <span class='ocrx_word' id='word_1_81' title='bbox 1744 1473 1813 1535; x_wconf 90' lang='lat' dir='ltr'><strong>in</strong></span> <span class='ocrx_word' id='word_1_82' title='bbox 1891 1475 2022 1536; x_wconf 88' lang='lat' dir='ltr'><strong>hac</strong></span> <span class='ocrx_word' id='word_1_83' title='bbox 2073 1496 2248 1553; x_wconf 86' lang='lat'><strong>9000</strong></span> <span class='ocrx_word' id='word_1_84' title='bbox 2296 1494 2532 1537; x_wconf 89' lang='lat' dir='ltr'><strong>caesos</strong></span> 
     </span>
     <span class='ocr_line' id='line_1_11' title="bbox 335 1587 2528 1673; baseline 0 -23"><span class='ocrx_word' id='word_1_85' title='bbox 335 1609 482 1651; x_wconf 89' lang='lat' dir='ltr'><strong>esse</strong></span> <span class='ocrx_word' id='word_1_86' title='bbox 546 1589 656 1652; x_wconf 89' lang='lat' dir='ltr'><strong>ait.</strong></span> <span class='ocrx_word' id='word_1_87' title='bbox 750 1588 830 1651; x_wconf 89' lang='lat' dir='ltr'><strong>In</strong></span> <span class='ocrx_word' id='word_1_88' title='bbox 893 1589 1261 1652; x_wconf 87' lang='lat' dir='ltr'><strong>novissimo</strong></span> <span class='ocrx_word' id='word_1_89' title='bbox 1323 1588 1508 1651; x_wconf 94' lang='lat' dir='ltr'><strong>bello</strong></span> <span class='ocrx_word' id='word_1_90' title='bbox 1577 1587 1845 1652; x_wconf 85' lang='lat' dir='ltr'><strong>Gallico</strong></span> <span class='ocrx_word' id='word_1_91' title='bbox 1912 1589 2006 1673; x_wconf 88' lang='lat' dir='ltr'><strong>(P.</strong></span> <span class='ocrx_word' id='word_1_92' title='bbox 2064 1610 2118 1652; x_wconf 89' lang='lat' dir='ltr'><strong>c.</strong></span> <span class='ocrx_word' id='word_1_93' title='bbox 2173 1591 2277 1672; x_wconf 86' lang='lat'><strong>34)</strong></span> <span class='ocrx_word' id='word_1_94' title='bbox 2324 1590 2528 1673; x_wconf 91' lang='lat' dir='ltr'><strong>Poly-</strong></span> 
     </span>
     <span class='ocr_line' id='line_1_12' title="bbox 333 1700 2523 1780; baseline 0.001 -15"><span class='ocrx_word' id='word_1_95' title='bbox 333 1704 486 1767; x_wconf 88' lang='lat' dir='ltr'><strong>bius</strong></span> <span class='ocrx_word' id='word_1_96' title='bbox 532 1705 740 1767; x_wconf 88' lang='lat' dir='ltr'><strong>tradit</strong></span> <span class='ocrx_word' id='word_1_97' title='bbox 785 1725 828 1766; x_wconf 91' lang='lat' dir='ltr'>a</span> <span class='ocrx_word' id='word_1_98' title='bbox 874 1703 1093 1768; x_wconf 88' lang='lat' dir='ltr'><strong>Gallis</strong></span> <span class='ocrx_word' id='word_1_99' title='bbox 1141 1705 1397 1768; x_wconf 83' lang='lat' dir='ltr'><strong>auxilia</strong></span> <span class='ocrx_word' id='word_1_100' title='bbox 1445 1706 1758 1768; x_wconf 90' lang='lat' dir='ltr'><strong>adsumta</strong></span> <span class='ocrx_word' id='word_1_101' title='bbox 1802 1700 2009 1768; x_wconf 85' lang='lat' dir='ltr'><strong>fuisse</strong></span> <span class='ocrx_word' id='word_1_102' title='bbox 2043 1704 2489 1770; x_wconf 87' lang='lat' dir='ltr'><strong>Gaesatorum</strong></span> <span class='ocrx_word' id='word_1_103' title='bbox 2509 1755 2523 1780; x_wconf 94' lang='lat'>,</span> 
     </span>
     <span class='ocr_line' id='line_1_13' title="bbox 335 1820 2530 1905; baseline 0.001 -23"><span class='ocrx_word' id='word_1_104' title='bbox 335 1820 514 1883; x_wconf 90' lang='lat' dir='ltr'><strong>circa</strong></span> <span class='ocrx_word' id='word_1_105' title='bbox 578 1843 814 1899; x_wconf 90' lang='grc'>30.000</span> <span class='ocrx_word' id='word_1_106' title='bbox 876 1822 1224 1884; x_wconf 92' lang='lat' dir='ltr'><strong>hominum</strong></span> <span class='ocrx_word' id='word_1_107' title='bbox 1289 1824 1340 1905; x_wconf 87' lang='grc'><strong>(5</strong></span> <span class='ocrx_word' id='word_1_108' title='bbox 1394 1822 1469 1903; x_wconf 92' lang='lat'><strong>2).</strong></span> <span class='ocrx_word' id='word_1_109' title='bbox 1563 1820 1844 1884; x_wconf 88' lang='lat' dir='ltr'><strong>Orosius</strong></span> <span class='ocrx_word' id='word_1_110' title='bbox 1894 1824 2180 1885; x_wconf 92' lang='lat' dir='ltr'><strong>eandem</strong></span> <span class='ocrx_word' id='word_1_111' title='bbox 2230 1823 2530 1885; x_wconf 89' lang='lat' dir='ltr'><strong>traditio-</strong></span> 
     </span>
     <span class='ocr_line' id='line_1_14' title="bbox 332 1938 2530 2021; baseline 0.002 -24"><span class='ocrx_word' id='word_1_112' title='bbox 332 1956 489 1998; x_wconf 92' lang='lat' dir='ltr'><strong>nem</strong></span> <span class='ocrx_word' id='word_1_113' title='bbox 565 1938 893 2014; x_wconf 87' lang='lat' dir='ltr'><strong>servavit,</strong></span> <span class='ocrx_word' id='word_1_114' title='bbox 972 1939 1095 2000; x_wconf 92' lang='lat' dir='ltr'><strong>sed</strong></span> <span class='ocrx_word' id='word_1_115' title='bbox 1178 1940 1561 2014; x_wconf 90' lang='lat' dir='ltr'><strong>turbatam;</strong></span> <span class='ocrx_word' id='word_1_116' title='bbox 1643 1939 1808 2002; x_wconf 90' lang='lat' dir='ltr'><strong>dicit</strong></span> <span class='ocrx_word' id='word_1_117' title='bbox 1879 1940 2058 2002; x_wconf 93' lang='lat' dir='ltr'><strong>enim</strong></span> <span class='ocrx_word' id='word_1_118' title='bbox 2135 1950 2328 2021; x_wconf 90' lang='lat' dir='ltr'><strong>„post</strong></span> <span class='ocrx_word' id='word_1_119' title='bbox 2396 1940 2530 2001; x_wconf 89' lang='lat' dir='ltr'><strong>hoc</strong></span> 
     </span>
     <span class='ocr_line' id='line_1_15' title="bbox 336 2050 2535 2137; baseline 0.002 -24"><span class='ocrx_word' id='word_1_120' title='bbox 336 2050 657 2116; x_wconf 89' lang='lat' dir='ltr'><strong>Claudius</strong></span> <span class='ocrx_word' id='word_1_121' title='bbox 708 2073 795 2116; x_wconf 78' lang='grc'>05.</span> <span class='ocrx_word' id='word_1_122' title='bbox 889 2051 1339 2118; x_wconf 85' lang='lat' dir='ltr'><strong>Gaesatorum</strong></span> <span class='ocrx_word' id='word_1_123' title='bbox 1390 2050 1608 2133; x_wconf 81' lang='grc'>30000</span> <span class='ocrx_word' id='word_1_124' title='bbox 1656 2054 1977 2130; x_wconf 88' lang='lat' dir='ltr'><strong>delevit&#39;&#39;,</strong></span> <span class='ocrx_word' id='word_1_125' title='bbox 2024 2074 2149 2137; x_wconf 93' lang='lat' dir='ltr'><strong>pro</strong></span> <span class='ocrx_word' id='word_1_126' title='bbox 2220 2075 2303 2116; x_wconf 93' lang='lat' dir='ltr'><strong>eo</strong></span> <span class='ocrx_word' id='word_1_127' title='bbox 2351 2056 2535 2136; x_wconf 93' lang='lat' dir='ltr'><strong>quod</strong></span> 
     </span>
    </p>
   </div>
   <div class='ocr_carea' id='block_1_3' title="bbox 332 2169 2533 2347">
    <p class='ocr_par' dir='ltr' id='par_1_3' title="bbox 332 2169 2533 2347">
     <span class='ocr_line' id='line_1_16' title="bbox 332 2169 2533 2253; baseline 0.001 -23"><span class='ocrx_word' id='word_1_128' title='bbox 332 2169 662 2232; x_wconf 88' lang='lat' dir='ltr'><strong>debuerat</strong></span> <span class='ocrx_word' id='word_1_129' title='bbox 725 2170 990 2232; x_wconf 85' lang='lat' dir='ltr'><strong>dicere:</strong></span> <span class='ocrx_word' id='word_1_130' title='bbox 1063 2170 1398 2235; x_wconf 88' lang='lat' dir='ltr'><strong>Gaesatos</strong></span> <span class='ocrx_word' id='word_1_131' title='bbox 1464 2171 1726 2234; x_wconf 87' lang='lat' dir='ltr'><strong>delevit</strong></span> <span class='ocrx_word' id='word_1_132' title='bbox 1788 2191 2075 2253; x_wconf 90' lang='lat' dir='ltr'><strong>quorum</strong></span> <span class='ocrx_word' id='word_1_133' title='bbox 2141 2193 2359 2249; x_wconf 95' lang='grc'>30000</span> <span class='ocrx_word' id='word_1_134' title='bbox 2434 2192 2533 2233; x_wconf 93' lang='lat' dir='ltr'><strong>ar-</strong></span> 
     </span>
     <span class='ocr_line' id='line_1_17' title="bbox 335 2284 837 2347; baseline 0.004 -2"><span class='ocrx_word' id='word_1_135' title='bbox 335 2284 581 2346; x_wconf 91' lang='lat' dir='ltr'><strong>cessita</strong></span> <span class='ocrx_word' id='word_1_136' title='bbox 629 2294 837 2347; x_wconf 91' lang='lat' dir='ltr'><strong>erant.</strong></span> 
     </span>
    </p>
   </div>
   <div class='ocr_carea' id='block_1_4' title="bbox 330 2382 2533 3745">
    <p class='ocr_par' dir='ltr' id='par_1_4' title="bbox 332 2382 2533 2835">
     <span class='ocr_line' id='line_1_18' title="bbox 422 2382 2533 2484; baseline 0.001 -22"><span class='ocrx_word' id='word_1_137' title='bbox 422 2398 593 2462; x_wconf 91' lang='lat' dir='ltr'><strong>Cum</strong></span> <span class='ocrx_word' id='word_1_138' title='bbox 655 2400 865 2482; x_wconf 81' lang='lat' dir='ltr'><strong>igitur</strong></span> <span class='ocrx_word' id='word_1_139' title='bbox 927 2400 1162 2464; x_wconf 88' lang='lat' dir='ltr'><strong>Livius</strong></span> <span class='ocrx_word' id='word_1_140' title='bbox 1220 2412 1290 2465; x_wconf 92' lang='lat' dir='ltr'><strong>et</strong></span> <span class='ocrx_word' id='word_1_141' title='bbox 1336 2402 1668 2484; x_wconf 90' lang='lat' dir='ltr'><strong>Polybius</strong></span> <span class='ocrx_word' id='word_1_142' title='bbox 1687 2450 1702 2477; x_wconf 93' lang='lat'><strong>,</strong></span> <span class='ocrx_word' id='word_1_143' title='bbox 1722 2382 1727 2387; x_wconf 35' lang='lat'><strong>⁹</strong></span> <span class='ocrx_word' id='word_1_144' title='bbox 1751 2403 1868 2464; x_wconf 91' lang='lat' dir='ltr'><strong>ubi</strong></span> <span class='ocrx_word' id='word_1_145' title='bbox 1917 2403 2194 2464; x_wconf 89' lang='lat' dir='ltr'><strong>easdem</strong></span> <span class='ocrx_word' id='word_1_146' title='bbox 2239 2421 2348 2465; x_wconf 91' lang='lat' dir='ltr'><strong>res</strong></span> <span class='ocrx_word' id='word_1_147' title='bbox 2395 2422 2533 2464; x_wconf 93' lang='lat' dir='ltr'><strong>me-</strong></span> 
     </span>
     <span class='ocr_line' id='line_1_19' title="bbox 333 2518 2530 2602; baseline 0.001 -25"><span class='ocrx_word' id='word_1_148' title='bbox 333 2527 629 2591; x_wconf 90' lang='lat' dir='ltr'><strong>morant,</strong></span> <span class='ocrx_word' id='word_1_149' title='bbox 703 2518 1093 2594; x_wconf 88' lang='lat' dir='ltr'><strong>concinant,</strong></span> <span class='ocrx_word' id='word_1_150' title='bbox 1166 2520 1254 2581; x_wconf 93' lang='lat' dir='ltr'><strong>ab</strong></span> <span class='ocrx_word' id='word_1_151' title='bbox 1317 2520 1437 2582; x_wconf 93' lang='lat' dir='ltr'><strong>illo</strong></span> <span class='ocrx_word' id='word_1_152' title='bbox 1500 2518 1716 2602; x_wconf 68' lang='lat' dir='ltr'><strong>(Oros</strong></span> <span class='ocrx_word' id='word_1_153' title='bbox 1782 2519 1988 2601; x_wconf 92' lang='lat' dir='ltr'><strong>Eutr.)</strong></span> <span class='ocrx_word' id='word_1_154' title='bbox 2052 2529 2277 2581; x_wconf 91' lang='lat' dir='ltr'><strong>autem</strong></span> <span class='ocrx_word' id='word_1_155' title='bbox 2334 2518 2530 2581; x_wconf 90' lang='lat' dir='ltr'><strong>Fabii</strong></span> 
     </span>
     <span class='ocr_line' id='line_1_20' title="bbox 332 2634 2531 2717; baseline 0.001 -25"><span class='ocrx_word' id='word_1_156' title='bbox 332 2651 582 2695; x_wconf 91' lang='lat' dir='ltr'><strong>nomen</strong></span> <span class='ocrx_word' id='word_1_157' title='bbox 642 2634 993 2698; x_wconf 92' lang='lat' dir='ltr'><strong>laudatum</strong></span> <span class='ocrx_word' id='word_1_158' title='bbox 1056 2635 1370 2717; x_wconf 86' lang='lat' dir='ltr'><strong>legamus</strong></span> <span class='ocrx_word' id='word_1_159' title='bbox 1388 2685 1402 2711; x_wconf 88' lang='lat'>‚</span> <span class='ocrx_word' id='word_1_160' title='bbox 1457 2636 1636 2698; x_wconf 91' lang='lat' dir='ltr'><strong>hunc</strong></span> <span class='ocrx_word' id='word_1_161' title='bbox 1684 2635 1882 2698; x_wconf 91' lang='lat' dir='ltr'><strong>Fabii</strong></span> <span class='ocrx_word' id='word_1_162' title='bbox 1931 2634 2285 2697; x_wconf 90' lang='lat' dir='ltr'><strong>annalibus</strong></span> <span class='ocrx_word' id='word_1_163' title='bbox 2335 2654 2531 2697; x_wconf 89' lang='lat' dir='ltr'><strong>usum</strong></span> 
     </span>
     <span class='ocr_line' id='line_1_21' title="bbox 334 2750 2525 2835; baseline 0 -24"><span class='ocrx_word' id='word_1_164' title='bbox 334 2769 484 2812; x_wconf 89' lang='lat' dir='ltr'><strong>esse</strong></span> <span class='ocrx_word' id='word_1_165' title='bbox 547 2751 836 2814; x_wconf 90' lang='lat' dir='ltr'><strong>sciamus</strong></span> <span class='ocrx_word' id='word_1_166' title='bbox 855 2800 869 2827; x_wconf 92' lang='lat'><strong><em>,</em></strong></span> <span class='ocrx_word' id='word_1_167' title='bbox 933 2763 1201 2816; x_wconf 91' lang='lat' dir='ltr'><strong>constat</strong></span> <span class='ocrx_word' id='word_1_168' title='bbox 1254 2753 1521 2835; x_wconf 87' lang='lat' dir='ltr'><strong>utrique</strong></span> <span class='ocrx_word' id='word_1_169' title='bbox 1568 2753 1860 2815; x_wconf 89' lang='lat' dir='ltr'><strong>Fabium</strong></span> <span class='ocrx_word' id='word_1_170' title='bbox 1907 2762 2255 2814; x_wconf 89' lang='lat' dir='ltr'><strong>auctorem</strong></span> <span class='ocrx_word' id='word_1_171' title='bbox 2300 2750 2525 2812; x_wconf 85' lang='lat' dir='ltr'><strong>fuisse.</strong></span> 
     </span>
    </p>

    <p class='ocr_par' dir='ltr' id='par_1_5' title="bbox 330 2865 2533 3745">
     <span class='ocr_line' id='line_1_22' title="bbox 419 2865 2532 2950; baseline 0 -24"><span class='ocrx_word' id='word_1_172' title='bbox 419 2865 789 2929; x_wconf 91' lang='lat' dir='ltr'><strong>Praeterea</strong></span> <span class='ocrx_word' id='word_1_173' title='bbox 852 2867 1128 2949; x_wconf 88' lang='lat' dir='ltr'><strong>Polybii</strong></span> <span class='ocrx_word' id='word_1_174' title='bbox 1188 2870 1484 2932; x_wconf 90' lang='lat' dir='ltr'><strong>narratio</strong></span> <span class='ocrx_word' id='word_1_175' title='bbox 1549 2889 1667 2931; x_wconf 92' lang='lat' dir='ltr'><strong>eos</strong></span> <span class='ocrx_word' id='word_1_176' title='bbox 1735 2889 1901 2950; x_wconf 90' lang='lat' dir='ltr'><strong>prae</strong></span> <span class='ocrx_word' id='word_1_177' title='bbox 1960 2888 2034 2929; x_wconf 92' lang='lat' dir='ltr'><strong>se</strong></span> <span class='ocrx_word' id='word_1_178' title='bbox 2088 2866 2220 2929; x_wconf 88' lang='lat' dir='ltr'><strong>fert</strong></span> <span class='ocrx_word' id='word_1_179' title='bbox 2268 2866 2532 2929; x_wconf 91' lang='lat' dir='ltr'><strong>colores</strong></span> 
     </span>
     <span class='ocr_line' id='line_1_23' title="bbox 332 2983 2532 3068; baseline 0 -24"><span class='ocrx_word' id='word_1_180' title='bbox 332 2984 448 3063; x_wconf 91' lang='lat' dir='ltr'><strong>qui</strong></span> <span class='ocrx_word' id='word_1_181' title='bbox 521 2994 869 3047; x_wconf 91' lang='lat' dir='ltr'><strong>auctorem</strong></span> <span class='ocrx_word' id='word_1_182' title='bbox 937 2987 1140 3048; x_wconf 92' lang='lat' dir='ltr'><strong>rebus</strong></span> <span class='ocrx_word' id='word_1_183' title='bbox 1212 2987 1428 3068; x_wconf 83' lang='lat' dir='ltr'><strong>gestis</strong></span> <span class='ocrx_word' id='word_1_184' title='bbox 1499 2986 1860 3068; x_wconf 92' lang='lat' dir='ltr'><strong>aequalem</strong></span> <span class='ocrx_word' id='word_1_185' title='bbox 1924 2994 1993 3047; x_wconf 92' lang='lat' dir='ltr'><strong>et</strong></span> <span class='ocrx_word' id='word_1_186' title='bbox 2062 2984 2176 3065; x_wconf 88' lang='lat' dir='ltr'><strong>qui</strong></span> <span class='ocrx_word' id='word_1_187' title='bbox 2237 2984 2384 3065; x_wconf 92' lang='lat' dir='ltr'><strong>ipse</strong></span> <span class='ocrx_word' id='word_1_188' title='bbox 2453 2983 2532 3045; x_wconf 91' lang='lat' dir='ltr'><strong>iis</strong></span> 
     </span>
     <span class='ocr_line' id='line_1_24' title="bbox 330 3097 2533 3180; baseline 0 -21"><span class='ocrx_word' id='word_1_189' title='bbox 330 3097 708 3163; x_wconf 84' lang='lat' dir='ltr'><strong>interfuerit</strong></span> <span class='ocrx_word' id='word_1_190' title='bbox 757 3101 1056 3163; x_wconf 88' lang='lat' dir='ltr'><strong>indicare</strong></span> <span class='ocrx_word' id='word_1_191' title='bbox 1103 3103 1477 3165; x_wconf 89' lang='lat' dir='ltr'><strong>videantur.</strong></span> <span class='ocrx_word' id='word_1_192' title='bbox 1568 3102 1725 3164; x_wconf 89' lang='lat' dir='ltr'><strong>Non</strong></span> <span class='ocrx_word' id='word_1_193' title='bbox 1778 3102 1996 3164; x_wconf 89' lang='lat' dir='ltr'><strong>solum</strong></span> <span class='ocrx_word' id='word_1_194' title='bbox 2045 3101 2225 3162; x_wconf 91' lang='lat' dir='ltr'><strong>enim</strong></span> <span class='ocrx_word' id='word_1_195' title='bbox 2273 3099 2533 3180; x_wconf 91' lang='lat' dir='ltr'><strong>aliquot</strong></span> 
     </span>
     <span class='ocr_line' id='line_1_25' title="bbox 334 3213 2531 3300; baseline 0 -25"><span class='ocrx_word' id='word_1_196' title='bbox 334 3213 504 3277; x_wconf 89' lang='lat' dir='ltr'><strong>locis</strong></span> <span class='ocrx_word' id='word_1_197' title='bbox 552 3216 762 3278; x_wconf 91' lang='lat' dir='ltr'><strong>animi</strong></span> <span class='ocrx_word' id='word_1_198' title='bbox 811 3215 1096 3280; x_wconf 87' lang='lat' dir='ltr'><strong>affectus</strong></span> <span class='ocrx_word' id='word_1_199' title='bbox 1143 3218 1368 3300; x_wconf 82' lang='lat' dir='ltr'><strong>pingit</strong></span> <span class='ocrx_word' id='word_1_200' title='bbox 1414 3219 1558 3281; x_wconf 88' lang='lat' dir='ltr'><strong>eius</strong></span> <span class='ocrx_word' id='word_1_201' title='bbox 1604 3219 1720 3299; x_wconf 91' lang='lat' dir='ltr'><strong>qui</strong></span> <span class='ocrx_word' id='word_1_202' title='bbox 1767 3238 1875 3280; x_wconf 91' lang='lat' dir='ltr'><strong>res</strong></span> <span class='ocrx_word' id='word_1_203' title='bbox 1925 3218 1994 3279; x_wconf 92' lang='lat' dir='ltr'><strong>in</strong></span> <span class='ocrx_word' id='word_1_204' title='bbox 2038 3216 2301 3298; x_wconf 92' lang='lat' dir='ltr'><strong>proelio</strong></span> <span class='ocrx_word' id='word_1_205' title='bbox 2338 3213 2531 3297; x_wconf 86' lang='lat' dir='ltr'><strong>prae-</strong></span> 
     </span>
     <span class='ocr_line' id='line_1_26' title="bbox 332 3332 2533 3415; baseline -0 -23"><span class='ocrx_word' id='word_1_206' title='bbox 332 3350 489 3394; x_wconf 90' lang='lat' dir='ltr'><strong>sens</strong></span> <span class='ocrx_word' id='word_1_207' title='bbox 558 3333 955 3413; x_wconf 83' lang='lat' dir='ltr'><strong>adspexerit</strong></span> <span class='ocrx_word' id='word_1_208' title='bbox 1005 3333 1071 3414; x_wconf 89' lang='lat'><strong>¹),</strong></span> <span class='ocrx_word' id='word_1_209' title='bbox 1142 3335 1265 3396; x_wconf 92' lang='lat' dir='ltr'><strong>sed</strong></span> <span class='ocrx_word' id='word_1_210' title='bbox 1327 3335 1533 3397; x_wconf 91' lang='lat' dir='ltr'><strong>etiam</strong></span> <span class='ocrx_word' id='word_1_211' title='bbox 1593 3334 1830 3415; x_wconf 93' lang='lat' dir='ltr'><strong>paullo</strong></span> <span class='ocrx_word' id='word_1_212' title='bbox 1895 3343 2052 3415; x_wconf 91' lang='lat' dir='ltr'><strong>post</strong></span> <span class='ocrx_word' id='word_1_213' title='bbox 2113 3333 2263 3414; x_wconf 89' lang='lat' dir='ltr'><strong>ipsa</strong></span> <span class='ocrx_word' id='word_1_214' title='bbox 2318 3332 2533 3393; x_wconf 89' lang='lat' dir='ltr'><strong>verba</strong></span> 
     </span>
     <span class='ocr_line' id='line_1_27' title="bbox 332 3446 2533 3524; baseline -0 -16"><span class='ocrx_word' id='word_1_215' title='bbox 332 3446 526 3509; x_wconf 90' lang='lat' dir='ltr'><strong>testis</strong></span> <span class='ocrx_word' id='word_1_216' title='bbox 601 3449 855 3512; x_wconf 91' lang='lat' dir='ltr'><strong>oculati</strong></span> <span class='ocrx_word' id='word_1_217' title='bbox 923 3451 1210 3512; x_wconf 88' lang='lat' dir='ltr'><strong>reddere</strong></span> <span class='ocrx_word' id='word_1_218' title='bbox 1276 3450 1575 3524; x_wconf 90' lang='lat' dir='ltr'><strong>videtur,</strong></span> <span class='ocrx_word' id='word_1_219' title='bbox 1637 3449 1755 3511; x_wconf 90' lang='lat' dir='ltr'><strong>ubi</strong></span> <span class='ocrx_word' id='word_1_220' title='bbox 1817 3449 1981 3511; x_wconf 89' lang='lat' dir='ltr'><strong>dicit</strong></span> <span class='ocrx_word' id='word_1_221' title='bbox 2041 3448 2408 3511; x_wconf 88' lang='lat' dir='ltr'><strong>clamorem</strong></span> <span class='ocrx_word' id='word_1_222' title='bbox 2464 3455 2533 3507; x_wconf 91' lang='lat' dir='ltr'><strong>et</strong></span> 
     </span>
     <span class='ocr_line' id='line_1_28' title="bbox 333 3563 2533 3647; baseline -0.001 -22"><span class='ocrx_word' id='word_1_223' title='bbox 333 3566 653 3626; x_wconf 89' lang='lat' dir='ltr'><strong>tubarum</strong></span> <span class='ocrx_word' id='word_1_224' title='bbox 713 3566 1011 3630; x_wconf 91' lang='lat' dir='ltr'><strong>sonitum</strong></span> <span class='ocrx_word' id='word_1_225' title='bbox 1064 3576 1326 3630; x_wconf 92' lang='lat' dir='ltr'><strong>tantum</strong></span> <span class='ocrx_word' id='word_1_226' title='bbox 1372 3566 1577 3629; x_wconf 85' lang='lat' dir='ltr'><strong>fuisse</strong></span> <span class='ocrx_word' id='word_1_227' title='bbox 1626 3576 1703 3629; x_wconf 90' lang='lat' dir='ltr'><strong>ut</strong></span> <span class='ocrx_word' id='word_1_228' title='bbox 1750 3565 1864 3647; x_wconf 92' lang='lat' dir='ltr'><strong>qui</strong></span> <span class='ocrx_word' id='word_1_229' title='bbox 1914 3566 2177 3628; x_wconf 93' lang='lat' dir='ltr'><strong>audiret</strong></span> <span class='ocrx_word' id='word_1_230' title='bbox 2225 3563 2533 3626; x_wconf 88' lang='lat' dir='ltr'><strong>crederet</strong></span> 
     </span>
     <span class='ocr_line' id='line_1_29' title="bbox 339 3678 2528 3745; baseline -0.001 -5"><span class='ocrx_word' id='word_1_231' title='bbox 339 3698 494 3741; x_wconf 91' lang='lat' dir='ltr'><strong>cum</strong></span> <span class='ocrx_word' id='word_1_232' title='bbox 568 3701 735 3743; x_wconf 91' lang='lat' dir='ltr'><strong>sono</strong></span> <span class='ocrx_word' id='word_1_233' title='bbox 800 3684 1115 3745; x_wconf 90' lang='lat' dir='ltr'><strong>tubarum</strong></span> <span class='ocrx_word' id='word_1_234' title='bbox 1176 3692 1246 3745; x_wconf 92' lang='lat' dir='ltr'><strong>et</strong></span> <span class='ocrx_word' id='word_1_235' title='bbox 1302 3682 1591 3745; x_wconf 91' lang='lat' dir='ltr'><strong>militum</strong></span> <span class='ocrx_word' id='word_1_236' title='bbox 1648 3682 1945 3744; x_wconf 90' lang='lat' dir='ltr'><strong>clamore</strong></span> <span class='ocrx_word' id='word_1_237' title='bbox 1995 3678 2528 3743; x_wconf 86' lang='lat' dir='ltr'><strong>conclamavisse</strong></span> 
     </span>
    </p>
   </div>
   <div class='ocr_carea' id='block_1_5' title="bbox 354 3827 501 3836">
    <p class='ocr_par' dir='ltr' id='par_1_6' title="bbox 354 3827 501 3836">
     <span class='ocr_line' id='line_1_30' title="bbox 354 3827 501 3836; baseline 0.014 -2"><span class='ocrx_word' id='word_1_238' title='bbox 354 3827 501 3836; x_wconf 44' lang='grc' dir='ltr'><strong>ξ-</strong></span> 
     </span>
    </p>
   </div>
   <div class='ocr_carea' id='block_1_6' title="bbox 514 3831 716 3838">
    <p class='ocr_par' dir='ltr' id='par_1_7' title="bbox 514 3831 716 3838">
     <span class='ocr_line' id='line_1_31' title="bbox 514 3831 716 3838; baseline 0 1246"><span class='ocrx_word' id='word_1_239' title='bbox 514 3831 716 3838; x_wconf 95' lang='lat' dir='ltr'><strong> </strong></span> 
     </span>
    </p>
   </div>
   <div class='ocr_carea' id='block_1_7' title="bbox 334 3897 2536 4470">
    <p class='ocr_par' dir='ltr' id='par_1_8' title="bbox 334 3897 2536 4470">
     <span class='ocr_line' id='line_1_32' title="bbox 425 3897 2528 3982; baseline 0.001 -24"><span class='ocrx_word' id='word_1_240' title='bbox 425 3897 464 3978; x_wconf 88' lang='lat'><strong>¹)</strong></span> <span class='ocrx_word' id='word_1_241' title='bbox 523 3900 589 3958; x_wconf 89' lang='lat' dir='ltr'><strong>P.</strong></span> <span class='ocrx_word' id='word_1_242' title='bbox 652 3902 729 3959; x_wconf 92' lang='grc' dir='ltr'><strong>ῙῙ.</strong></span> <span class='ocrx_word' id='word_1_243' title='bbox 774 3920 826 3959; x_wconf 91' lang='lat' dir='ltr'><strong>c.</strong></span> <span class='ocrx_word' id='word_1_244' title='bbox 875 3902 950 3959; x_wconf 88' lang='lat'><strong>28</strong></span> <span class='ocrx_word' id='word_1_245' title='bbox 993 3908 1021 3973; x_wconf 65' lang='grc' dir='ltr'><strong>ἓ</strong></span> <span class='ocrx_word' id='word_1_246' title='bbox 1069 3920 1175 3959; x_wconf 91' lang='lat'><strong>11:</strong></span> <span class='ocrx_word' id='word_1_247' title='bbox 1218 3906 1350 3982; x_wconf 80' lang='grc' dir='ltr'><strong><em>μετὰ</em></strong></span> <span class='ocrx_word' id='word_1_248' title='bbox 1388 3905 1447 3962; x_wconf 75' lang='grc' dir='ltr'><strong>δὲ</strong></span> <span class='ocrx_word' id='word_1_249' title='bbox 1482 3898 1651 3962; x_wconf 68' lang='grc' dir='ltr'>ταῦτά</span> <span class='ocrx_word' id='word_1_250' title='bbox 1686 3914 1786 3962; x_wconf 82' lang='grc' dir='ltr'><strong>τῶν</strong></span> <span class='ocrx_word' id='word_1_251' title='bbox 1825 3910 1989 3971; x_wconf 81' lang='grc' dir='ltr'><strong>πεζῶν</strong></span> <span class='ocrx_word' id='word_1_252' title='bbox 2029 3901 2391 3979; x_wconf 73' lang='grc' dir='ltr'><em>στρατοπέδων</em></span> <span class='ocrx_word' id='word_1_253' title='bbox 2433 3899 2528 3960; x_wconf 69' lang='grc' dir='ltr'><strong>ἤδη</strong></span> 
     </span>
     <span class='ocr_line' id='line_1_33' title="bbox 334 3999 2535 4079; baseline -0.002 -23"><span class='ocrx_word' id='word_1_254' title='bbox 334 4004 582 4077; x_wconf 75' lang='grc' dir='ltr'><em>σύνεγγυς</em></span> <span class='ocrx_word' id='word_1_255' title='bbox 619 4002 775 4059; x_wconf 75' lang='grc' dir='ltr'><strong>ὄντων</strong></span> <span class='ocrx_word' id='word_1_256' title='bbox 814 4004 1090 4072; x_wconf 80' lang='grc' dir='ltr'>ἀλλήλοις,</span> <span class='ocrx_word' id='word_1_257' title='bbox 1129 4003 1264 4060; x_wconf 73' lang='grc' dir='ltr'>ἴδιον</span> <span class='ocrx_word' id='word_1_258' title='bbox 1303 4000 1367 4064; x_wconf 71' lang='grc' dir='ltr'><strong>ἦν</strong></span> <span class='ocrx_word' id='word_1_259' title='bbox 1406 4004 1494 4059; x_wconf 82' lang='grc' dir='ltr'><strong>καὶ</strong></span> <span class='ocrx_word' id='word_1_260' title='bbox 1534 4001 1843 4079; x_wconf 66' lang='grc' dir='ltr'>θαυμαστὸν</span> <span class='ocrx_word' id='word_1_261' title='bbox 1880 4002 1939 4058; x_wconf 80' lang='grc' dir='ltr'><strong>τὸ</strong></span> <span class='ocrx_word' id='word_1_262' title='bbox 1979 4002 2264 4076; x_wconf 82' lang='grc' dir='ltr'>συμβαῖνον</span> <span class='ocrx_word' id='word_1_263' title='bbox 2294 4002 2350 4055; x_wconf 79' lang='grc' dir='ltr'><strong>οὐ</strong></span> <span class='ocrx_word' id='word_1_264' title='bbox 2379 3999 2535 4074; x_wconf 82' lang='grc' dir='ltr'>μόνον</span> 
     </span>
     <span class='ocr_line' id='line_1_34' title="bbox 334 4098 2535 4177; baseline -0.001 -24"><span class='ocrx_word' id='word_1_265' title='bbox 334 4102 437 4163; x_wconf 84' lang='grc' dir='ltr'>τοῖς</span> <span class='ocrx_word' id='word_1_266' title='bbox 491 4102 541 4155; x_wconf 82' lang='grc' dir='ltr'><strong>ἐν</strong></span> <span class='ocrx_word' id='word_1_267' title='bbox 599 4102 740 4175; x_wconf 80' lang='grc' dir='ltr'>αὐτῷ</span> <span class='ocrx_word' id='word_1_268' title='bbox 788 4110 860 4176; x_wconf 85' lang='grc' dir='ltr'><strong>τῷ</strong></span> <span class='ocrx_word' id='word_1_269' title='bbox 910 4110 1070 4177; x_wconf 80' lang='grc' dir='ltr'><strong><em>καιρῷ</em></strong></span> <span class='ocrx_word' id='word_1_270' title='bbox 1118 4102 1236 4157; x_wconf 81' lang='grc' dir='ltr'>τότε</span> <span class='ocrx_word' id='word_1_271' title='bbox 1271 4107 1559 4175; x_wconf 79' lang='grc' dir='ltr'><em>παροῦσιν,</em></span> <span class='ocrx_word' id='word_1_272' title='bbox 1600 4100 1737 4156; x_wconf 75' lang='grc' dir='ltr'>ἀλλὰ</span> <span class='ocrx_word' id='word_1_273' title='bbox 1776 4101 1862 4155; x_wconf 81' lang='grc' dir='ltr'><strong>καὶ</strong></span> <span class='ocrx_word' id='word_1_274' title='bbox 1901 4107 2009 4163; x_wconf 88' lang='grc' dir='ltr'>τοῖς</span> <span class='ocrx_word' id='word_1_275' title='bbox 2042 4121 2166 4155; x_wconf 86' lang='grc' dir='ltr'>ποτε</span> <span class='ocrx_word' id='word_1_276' title='bbox 2202 4098 2331 4174; x_wconf 80' lang='grc' dir='ltr'><em>μετὰ</em></span> <span class='ocrx_word' id='word_1_277' title='bbox 2366 4103 2535 4152; x_wconf 79' lang='grc' dir='ltr'>ταῦτα</span> 
     </span>
     <span class='ocr_line' id='line_1_35' title="bbox 337 4191 2536 4274; baseline -0.003 -21"><span class='ocrx_word' id='word_1_278' title='bbox 337 4197 635 4272; x_wconf 72' lang='grc' dir='ltr'><strong><em>δυναμένοις</em></strong></span> <span class='ocrx_word' id='word_1_279' title='bbox 688 4197 790 4254; x_wconf 76' lang='grc' dir='ltr'><strong>ὑπὸ</strong></span> <span class='ocrx_word' id='word_1_280' title='bbox 838 4199 931 4258; x_wconf 77' lang='grc' dir='ltr'><strong>τὴν</strong></span> <span class='ocrx_word' id='word_1_281' title='bbox 983 4197 1096 4272; x_wconf 71' lang='grc' dir='ltr'><strong>ὄψιν</strong></span> <span class='ocrx_word' id='word_1_282' title='bbox 1147 4199 1429 4274; x_wconf 82' lang='grc' dir='ltr'>λαμβάνειν</span> <span class='ocrx_word' id='word_1_283' title='bbox 1479 4201 1534 4254; x_wconf 82' lang='grc' dir='ltr'><strong>ἐκ</strong></span> <span class='ocrx_word' id='word_1_284' title='bbox 1580 4207 1679 4253; x_wconf 84' lang='grc' dir='ltr'><strong>τῶν</strong></span> <span class='ocrx_word' id='word_1_285' title='bbox 1729 4198 2009 4272; x_wconf 75' lang='grc' dir='ltr'><strong>λεγομένων</strong></span> <span class='ocrx_word' id='word_1_286' title='bbox 2046 4195 2106 4252; x_wconf 78' lang='grc' dir='ltr'><strong>τὸ</strong></span> <span class='ocrx_word' id='word_1_287' title='bbox 2142 4196 2373 4270; x_wconf 71' lang='grc' dir='ltr'><strong>γεγονός.</strong></span> <span class='ocrx_word' id='word_1_288' title='bbox 2459 4191 2536 4249; x_wconf 94' lang='lat' dir='ltr'><strong>Et</strong></span> 
     </span>
     <span class='ocr_line' id='line_1_36' title="bbox 335 4287 2535 4371; baseline -0.001 -21"><span class='ocrx_word' id='word_1_289' title='bbox 335 4310 386 4350; x_wconf 88' lang='lat' dir='ltr'><strong>C.</strong></span> <span class='ocrx_word' id='word_1_290' title='bbox 448 4312 522 4369; x_wconf 86' lang='lat'><strong>29</strong></span> <span class='ocrx_word' id='word_1_291' title='bbox 579 4298 607 4364; x_wconf 76' lang='lat'>§</span> <span class='ocrx_word' id='word_1_292' title='bbox 665 4312 732 4350; x_wconf 86' lang='lat'><strong>2:</strong></span> <span class='ocrx_word' id='word_1_293' title='bbox 793 4306 898 4360; x_wconf 85' lang='grc' dir='ltr'><strong>πῶς</strong></span> <span class='ocrx_word' id='word_1_294' title='bbox 955 4298 1046 4352; x_wconf 79' lang='grc' dir='ltr'><strong>οὐκ</strong></span> <span class='ocrx_word' id='word_1_295' title='bbox 1102 4294 1166 4351; x_wconf 80' lang='grc' dir='ltr'><strong>ἂν</strong></span> <span class='ocrx_word' id='word_1_296' title='bbox 1209 4299 1486 4371; x_wconf 80' lang='grc' dir='ltr'>ἀπορήσειέ</span> <span class='ocrx_word' id='word_1_297' title='bbox 1524 4319 1597 4360; x_wconf 88' lang='grc' dir='ltr'><strong>τις</strong></span> <span class='ocrx_word' id='word_1_298' title='bbox 1635 4297 1726 4351; x_wconf 82' lang='grc' dir='ltr'><strong>καὶ</strong></span> <span class='ocrx_word' id='word_1_299' title='bbox 1759 4302 1871 4350; x_wconf 81' lang='grc' dir='ltr'><strong>νῦν</strong></span> <span class='ocrx_word' id='word_1_300' title='bbox 1912 4296 1998 4349; x_wconf 82' lang='grc' dir='ltr'><strong>καὶ</strong></span> <span class='ocrx_word' id='word_1_301' title='bbox 2036 4295 2185 4350; x_wconf 83' lang='grc' dir='ltr'>τότε</span> <span class='ocrx_word' id='word_1_302' title='bbox 2224 4287 2341 4368; x_wconf 79' lang='grc' dir='ltr'><em>παρ’</em></span> <span class='ocrx_word' id='word_1_303' title='bbox 2381 4293 2535 4349; x_wconf 81' lang='grc' dir='ltr'>αὐτὸν</span> 
     </span>
     <span class='ocr_line' id='line_1_37' title="bbox 335 4394 767 4470; baseline -0.005 -20"><span class='ocrx_word' id='word_1_304' title='bbox 335 4394 422 4450; x_wconf 62' lang='lat' dir='ltr'><strong>rba</strong></span> <span class='ocrx_word' id='word_1_305' title='bbox 459 4395 634 4470; x_wconf 77' lang='grc' dir='ltr'>καιρὸν</span> <span class='ocrx_word' id='word_1_306' title='bbox 679 4395 767 4449; x_wconf 78' lang='grc' dir='ltr'><strong>ὥν.</strong></span> 
     </span>
    </p>
   </div>
   <div class='ocr_carea' id='block_1_8' title="bbox 2333 4493 2366 4543">
    <p class='ocr_par' dir='ltr' id='par_1_9' title="bbox 2333 4493 2366 4543">
     <span class='ocr_line' id='line_1_38' title="bbox 2333 4493 2366 4543; baseline 0 0"><span class='ocrx_word' id='word_1_307' title='bbox 2333 4493 2366 4543; x_wconf 88' lang='grc'><strong>6</strong></span> 
     </span>
    </p>
   </div>
  </div>
 </body>
</html>
