3375 5084
1889 361 2008 419 174

851 536 1147 598 indicare
1209 534 1442 597 voluit.
1512 571 1590 577 —
1653 532 1735 594 In
1794 533 1944 595 aliis
2004 532 2207 594 rebus
2253 532 2456 594 etiarn
2504 541 2648 594 tum
2694 531 3024 613 Lycortae

850 653 1108 715 socium
1174 649 1449 713 fidelem
1518 670 1592 711 se
1661 648 1993 730 praebuit.
2084 647 2321 710 Veluti
2392 668 2547 710 cum
2616 668 2673 709 a.
2755 654 2873 711 168
2943 649 3024 710 ab

849 767 1151 830 Achaeis
1212 775 1447 828 contra
1506 764 1925 828 Antiochum
1987 763 2240 826 auxilia
2293 773 2605 844 peterent
2651 764 3024 826 Ptolemaei

848 883 1089 947 fratres
1107 932 1121 958 ,
1195 883 1310 963 qui
1371 892 1516 945 tum
1584 881 1862 944 foedere
1932 880 2161 943 iuncto
2208 901 2344 943 una
2388 900 2678 962 regnum
2723 879 3029 962 Aegypti

847 1001 1172 1063 tenebant
1187 1048 1201 1074 ,
1273 1007 1344 1061 et
1404 998 1619 1079 legati
1680 1016 1923 1079 regum
1988 1005 2258 1059 orarent
2312 1004 2388 1058 ut
2433 996 2538 1057 his
2584 996 2855 1058 auxiliis
2900 996 3027 1076 Ly-

849 1126 1071 1178 cortas
1152 1113 1637 1196 praeficeretur
1714 1122 1784 1175 et
1860 1113 2189 1194 Polybius
2211 1161 2225 1187 ‚
2300 1112 2546 1175 acriter
2612 1112 2679 1173 in
2750 1111 3034 1174 concilio

848 1231 1288 1294 Achaeorum
1336 1229 1640 1292 Corinthi
1685 1229 1923 1291 habito
1971 1238 2209 1291 contra
2254 1201 2632 1291 tendebant
2656 1227 3034 1308 quicunque

847 1357 1120 1429 praeter
1196 1347 1667 1409 Romanorum
1736 1356 1975 1408 nutum
2042 1355 2113 1408 et
2179 1346 2450 1407 veniam
2521 1344 2686 1406 nihil
2758 1343 3038 1407 Graecis

851 1464 1354 1546 suscipiendum
1401 1483 1551 1524 esse
1600 1462 2131 1535 contendebant,
2167 1459 2568 1524 Callicrates
2584 1509 2598 1535 ,
2623 1456 3037 1541 Diophanes

852 1580 1314 1662 HyperbatuS.
1406 1579 1542 1641 Pro
1591 1578 1870 1660 regibus
1916 1579 2132 1640 verba
2175 1576 2483 1639 fecerunt
2525 1577 2856 1658 Lycortas
2872 1625 2888 1651 ‚
2936 1575 3041 1638 cui

850 1705 994 1759 tum
1051 1696 1259 1759 etiam
1305 1695 1590 1758 Archon
1636 1694 2160 1768 assentiebatur,
2208 1703 2277 1756 et
2323 1692 2655 1774 Polybius
2699 1688 2756 1774 ¹).
2847 1692 3041 1753 Post-

853 1832 1054 1893 quam
1072 1861 1086 1887 ‚
1159 1832 1312 1875 cum
1385 1813 1470 1873 de
1538 1811 1726 1874 bello
1795 1811 2102 1893 gerendo
2164 1809 2233 1870 in
2299 1818 2639 1872 conventu
2704 1807 3039 1870 ordinario

852 1929 1126 1991 decerni
1188 1928 1574 2011 legitimum
1633 1947 1771 1988 non
1835 1935 2016 1988 esset
2033 1975 2046 2000 ‚
2109 1925 2343 2007 paullo
2403 1934 2562 2006 post
2618 1925 2911 1987 alterum
2958 1925 3042 1985 de

851 2045 980 2107 hac
1049 2064 1123 2107 re
1193 2044 1547 2107 consilium
1618 2051 2066 2107 convocatum
2138 2051 2241 2104 est
2257 2089 2273 2115 ,
2344 2041 2674 2122 Polybius
2738 2042 3043 2102 oratione

852 2180 975 2222 sua
1041 2160 1363 2240 probavit
1431 2159 1688 2221 auxilia
1755 2159 2034 2240 regibus
2109 2158 2302 2220 salva
2368 2157 2837 2219 Romanorum
2911 2154 3043 2217 fide

853 2276 1028 2338 mitti
1087 2297 1323 2357 posse,
1384 2275 1718 2358 Lycortas
1777 2276 1848 2337 id
1905 2276 2051 2357 egit
2094 2284 2170 2338 ut
2214 2274 2648 2336 Ptolemaeos
2694 2272 3042 2335 Antiocho

852 2393 1064 2474 pluris
1148 2392 1494 2455 faciendos
1565 2413 1717 2454 esse
1786 2393 2299 2454 demonstraret.
2417 2388 2557 2453 Sed
2630 2390 2908 2452 tandem
2979 2388 3047 2449 hi

855 2508 1060 2570 etiam
1091 2597 1094 2601 ‚
1122 2508 1418 2590 superati
1480 2517 1637 2570 sunt
1681 2508 1842 2570 dolo
1890 2506 2301 2581 Callicratis;
2348 2506 2405 2568 is
2453 2505 2631 2567 enim
2680 2504 3044 2585 epistolam

857 2624 1170 2686 recitavit
1239 2622 1320 2704 Q.
1390 2623 1663 2698 Marcii,
1735 2643 1871 2704 qua
1931 2623 2342 2685 admonebat
2402 2620 2726 2684 Achaeos
2787 2630 2865 2682 ut
2926 2595 3051 2701 per

855 2740 1127 2821 legatos
1172 2716 1595 2802 Antiochum
1642 2748 1713 2801 et
1758 2739 2194 2802 Ptolemaeos
2239 2757 2411 2819 pace
2458 2736 2817 2799 conciliare
2843 2755 3047 2797 cona-

856 2865 1102 2919 rentur.
1181 2857 1357 2919 Tum
1402 2855 1766 2938 Polybius,
1815 2866 1890 2919 ut
1934 2856 2081 2937 ipse
2129 2855 2251 2929 ait,
2299 2855 2387 2916 ab
2433 2855 2706 2935 incepto
2753 2852 3047 2926 destitit,

858 2991 1013 3034 cum
1062 2981 1298 3035 contra
1345 2972 1585 3035 Marcii
1632 2972 1894 3034 litteras
1938 2972 2154 3033 verba
2197 2969 2423 3034 facere
2468 2970 2684 3033 nollet
2725 2968 2785 3050 2).

952 3086 1325 3169 Postquam
1370 3090 1458 3150 ad
1503 3088 1816 3170 Pydnam
1862 3087 2281 3150 debellatum
2313 3095 2433 3161 est,
2458 3085 2789 3167 Polybius
2814 3103 3049 3165 quam-

860 3203 965 3266 vis
1039 3213 1234 3267 caute
1298 3205 1556 3287 egisset
1572 3253 1586 3280 ‚
1648 3205 1848 3268 huius
1902 3204 2105 3266 studii
2163 3224 2422 3286 poenas
2468 3202 2656 3265 dedit
2701 3201 3050 3264 societatis

862 3318 1214 3382 Achaicae
1244 3320 1652 3402 integritatis
1684 3321 1951 3384 etiamsi
1979 3321 2208 3401 spe-cie
2232 3328 2494 3382 tantum
2519 3318 3048 3381 conservandae.

860 3435 948 3499 A.
1004 3441 1125 3500 166
1169 3437 1242 3499 in
1286 3437 1554 3501 Italiam
1599 3439 1952 3501 traductus
1970 3486 1984 3512 ,
2030 3436 2445 3517 aliquamdiu
2474 3435 2746 3498 Romae
2782 3435 2852 3496 in
2875 3435 3050 3495 urbe

860 3553 1056 3636 degit
1074 3600 1088 3626 ,
1159 3553 1375 3616 donec
1436 3551 1727 3616 Senatus
1789 3555 2186 3616 decerneret
2247 3553 2409 3632 quid
2462 3551 2623 3613 viris
2670 3571 2709 3612 e
2757 3548 3051 3618 Graecia

856 3800 991 3853 σθαι
1035 3795 1299 3870 Λυκὸρταν
1339 3796 1426 3850 καὶ
1464 3795 1584 3859 τοὺς
1618 3795 1786 3850 ταύτὰ
1823 3799 1987 3869 τούτῳ
2023 3795 2386 3870 προελομένους
2421 3791 2637 3867 ἄνδρας.
2683 3788 2886 3847 Verba
2905 3787 3056 3845 mul·

858 3900 986 3950 tum
1048 3896 1263 3949 vexata
1317 3896 1401 3952 ἐπὶ
1457 3894 1615 3951 ποσὸν
1673 3887 2005 3966 significant
2055 3886 2421 3964 aliquamdiu
2473 3887 2602 3966 (cfr.
2645 3887 2836 3944 XXV.
2881 3904 2937 3943 c.
2986 3887 3056 3962 9b

791 3985 794 3988 ’
858 3996 885 4061 §
928 3987 1025 4069 3),
1067 4007 1283 4066 nempe
1324 3989 1404 4048 ad
1445 4006 1668 4047 annum
1717 3989 1825 4061 167
1846 4033 1861 4061 ‚
1906 4006 2026 4064 quo
2068 4005 2225 4045 anno
2269 3988 2563 4062 Lycortae
2607 3983 2749 4045 socii
2783 3993 2843 4043 et
2876 3982 3057 4042 amici

858 4085 1213 4148 Societatem
1255 4084 1406 4146 tueri
1447 4085 1700 4164 amplius
1738 4104 1859 4146 non
1902 4093 2195 4163 poterant.
2261 4083 2532 4144 Aliorum
2575 4081 2892 4143 sententias
2928 4081 3054 4142 vid.

858 4204 954 4263 ap.
1000 4186 1291 4246 Merleker
1333 4185 1486 4245 Ach.
1529 4205 1588 4262 p.
1635 4203 1933 4262 99—101.

929 4283 995 4363 ·¹)
1035 4286 1099 4343 P.
1144 4286 1366 4343 XXIX.
1410 4304 1462 4344 e.
1508 4286 1544 4344 8
1587 4294 1647 4344 et
1691 4304 1760 4362 93
1803 4282 2031 4361 Polybii
2071 4293 2317 4343 orat-e.
2363 4301 2399 4359 9
2442 4289 2469 4353 ξ
2517 4297 2688 4356 1—5.

945 4381 996 4462 2>
1037 4383 1189 4443 Ibid.
1233 4404 1285 4442 c.
1336 4404 1407 4441 10
1450 4391 1477 4456 ξ
1523 4400 1574 4460 5.
