3375 5084
1387 339 1498 380 111

346 522 419 576 et
467 512 1048 594 oppugnationem
1095 509 1388 594 Sagunti
1405 560 1418 586 ‚
1467 531 1603 592 qua
1647 513 1734 574 de
1783 532 1854 576 re
1902 512 2106 574 etiam
2140 513 2535 595 diligentius

343 628 619 710 inquirit
690 649 745 691 c.
822 649 852 689 2
871 650 892 689 1
972 627 1090 690 ubi
1158 627 1441 708 exponit
1509 627 1673 708 quid
1743 627 2093 690 attulerint
2152 627 2538 690 Poenorum

346 755 653 808 oratores
700 746 790 807 ad
835 745 1107 827 culpam
1153 765 1344 807 suam
1390 745 1771 808 levandam.
1847 744 2002 807 Hoc
2049 745 2333 808 consilio
2380 746 2540 808 duc-

340 869 455 923 tus
521 882 578 924 c.
652 866 913 924 22—28
982 860 1263 925 foedera
1330 861 1580 942 repetit
1648 860 1812 923 olim
1884 881 1926 923 a
1984 861 2322 924 Romanis
2384 882 2538 924 cum

340 975 595 1040 Poenis
654 976 822 1051 icta3
888 997 943 1040 e.
997 997 1079 1056 29
1129 975 1414 1057 exponit
1459 977 1805 1057 quomodo
1852 976 2156 1040 Romani
2200 978 2536 1057 probave-

340 1093 479 1156 rint
541 1113 625 1156 ea
685 1113 728 1155 a
779 1092 1031 1156 Poenis
1075 1093 1335 1157 violata
1382 1113 1532 1155 esse
1551 1142 1565 1168 ‚
1614 1092 1909 1174 denique
1958 1113 2012 1155 c.
2063 1114 2148 1170 30
2196 1090 2539 1157 concludit

343 1210 606 1273 addens
661 1209 825 1290 quid
871 1210 956 1271 de
1002 1210 1133 1272 hac
1182 1202 1616 1272 accusatione
1662 1209 1812 1290 ipse
1860 1218 2138 1272 censeat
2156 1258 2170 1283 ‚
2218 1219 2288 1271 et
2337 1207 2538 1271 confi-

340 1334 528 1389 tetur
585 1326 943 1391 Romanos
1004 1336 1190 1389 recte
1217 1353 1227 1364 ·
1250 1326 1383 1389 hoc
1444 1325 1799 1406 conqueri,
1855 1324 2126 1388 Poenos
2171 1324 2418 1389 frustra
2463 1345 2536 1386 se

341 1462 697 1505 excusare.

433 1557 736 1641 Magnae
798 1557 983 1620 laudi
1044 1556 1340 1640 Polybio
1403 1567 1507 1621 est
1553 1558 1937 1622 ducendum
1982 1558 2167 1638 quod
2211 1577 2355 1620 rem
2399 1557 2536 1619 iam

341 1674 551 1738 toties
627 1674 1013 1756 expositam
1090 1683 1160 1736 et
1234 1674 1463 1737 tritam
1539 1674 1763 1737 denuo
1839 1683 2133 1737 tractare
2210 1673 2509 1755 suscepit
2525 1721 2539 1748 ,

340 1792 694 1873 utriusque
740 1792 952 1872 partis
999 1800 1407 1873 argumenta
1454 1811 1493 1854 e
1539 1790 1757 1854 Fabio
1803 1799 1873 1854 et
1919 1811 2011 1854 ex
2055 1800 2334 1854 auctore
2377 1811 2540 1872 quo-

342 1909 505 1972 dam
583 1907 1129 1990 Carthaginiensi
1199 1927 1354 1971 cum
1426 1927 1589 1971 cura
1655 1909 2074 1988 ponderans;
2144 1909 2268 1970 sed
2336 1907 2544 1970 etiam

339 2026 531 2106 quod
609 2025 912 2088 neutrius
989 2024 1391 2087 auctoritate
1473 2025 1807 2105 deceptus
1882 2044 2064 2086 nova
2139 2033 2542 2105 argumenta

337 2141 699 2223 indagavit
751 2150 821 2204 et
867 2141 1051 2203 clare
1100 2140 1420 2222 exposuit
1458 2141 1592 2203 hoc
1627 2138 1889 2203 bellum
1923 2139 2186 2204 etiamsi
2217 2149 2546 2202 sexcenta

338 2257 628 2323 foedera
694 2278 737 2320 a
804 2258 1055 2321 Poenis
1115 2258 1375 2320 violata
1438 2267 1665 2320 essent
1682 2306 1698 2332 ‚
1760 2257 1843 2319 iis
1887 2256 2094 2320 fuisse
2132 2246 2277 2319 ‘non
2322 2257 2543 2319 solum

338 2373 801 2437 necessarium
818 2422 833 2448 ‚
903 2374 1029 2436 sed
1099 2373 1306 2436 etiam
1367 2372 1823 2436 iustissimum.
1917 2371 2113 2454 Quae
2171 2359 2547 2454 praemittit

339 2509 399 2553 c,
476 2493 515 2551 6
585 2509 682 2570 sq.
752 2490 840 2553 de
908 2489 1136 2551 verbis
1204 2509 1412 2552 causa
1429 2537 1443 2563 ‚
1506 2497 1908 2571 praetextus
1924 2536 1938 2563 ,
2000 2487 2191 2551 initia
2207 2537 2221 2563 ‚
2284 2487 2546 2550 inutilia

341 2604 543 2667 nobis
605 2605 951 2680 videntur;
1013 2605 1278 2668 lubrica
1338 2605 1452 2666 via
1504 2604 1853 2687 ingressus
1911 2613 2016 2666 est
2063 2624 2219 2667 cum
2264 2602 2542 2666 definire

345 2731 710 2785 conaretur
776 2723 1062 2784 verbum
1131 2720 1404 2797 „causa”
1422 2768 1436 2797 ,
1498 2740 1722 2802 neque
1780 2740 1906 2782 nos
1967 2740 2051 2782 ea
2097 2719 2392 2783 secuturi
2438 2740 2544 2782 su-

343 2857 517 2900 mus,
625 2837 896 2900 Deinde
964 2847 1042 2900 ut
1108 2857 1312 2918 supra
1380 2837 1700 2918 exposui,
1771 2855 2074 2899 summae
2144 2836 2544 2898 temeritatis

339 2950 660 3037 (ἀλογίας)
718 2951 966 3018 frustra
1011 2962 1291 3016 accusat
1335 2952 1624 3016 Fabium
1643 3001 1657 3028 ,
1707 2972 1860 3015 cum
1906 2952 1964 3014 is
2010 2952 2294 3014 dixisset
2337 2951 2545 3014 nemi-

342 3089 505 3133 nem
566 3072 696 3138 τῶν
761 3067 1121 3148 ἀξιολόγων
1182 3070 1582 3151 probavisse
1628 3069 2122 3145 Hannibalem,
2171 3070 2295 3132 sed
2341 3089 2384 3132 a
2427 3088 2547 3150 po-

344 3186 701 3269 pularibus
775 3207 941 3249 mox
1016 3188 1525 3268 superabantur.
1656 3186 1922 3249 Tamen
1997 3195 2184 3249 recte
2260 3184 2550 3248 Fabium
2608 3182 2612 3187 ’

342 3303 670 3367 refutavit
729 3304 1060 3387 Polybius
1077 3353 1093 3379 ‚
1159 3324 1399 3368 causas
1460 3298 1629 3366 belli
1684 3304 1773 3365 ad
1819 3302 2272 3365 Hasdrubalis
2318 3322 2547 3384 super-

346 3421 536 3483 biam
592 3420 1015 3483 referentem.
1108 3419 1363 3484 Fabius
1409 3440 1649 3484 causas
1695 3420 1864 3482 belli
1910 3420 2008 3484 ita
2053 3390 2429 3500 explicavit
2472 3428 2547 3480 ut

358 3558 401 3599 a
448 3536 596 3598 viro
642 3537 963 3600 senatorii
1009 3537 1260 3599 ordinis
1273 3584 1286 3611 ‚
1335 3536 1451 3618 qui
1497 3556 1581 3599 eo
1626 3536 1777 3616 ipso
1822 3546 2132 3617 tempore
2163 3535 2277 3597 vel
2315 3533 2548 3616 paullo

351 3664 515 3737 post
607 3655 1096 3737 rempublicam
1186 3655 1758 3719 administraverit
1774 3703 1788 3730 ,
1882 3654 2233 3736 expectari
2317 3654 2549 3735 possit.

352 3767 642 3835 Senatui
702 3771 1024 3835 Romano
1088 3772 1272 3834 haud
1332 3771 1644 3853 ignotum
1692 3779 1840 3833 erat
1856 3819 1870 3845 ‚
1917 3790 2240 3853 magnam
2284 3768 2550 3832 Poeno-

353 3908 508 3950 rum
566 3898 833 3969 partem
852 3937 865 3963 ‚
914 3898 984 3952 et
1031 3906 1184 3950 eam
1231 3887 1504 3968 quidem
1551 3908 1728 3969 quae
1777 3907 1868 3950 ex
1913 3885 2344 3969 amplissimis
2389 3886 2550 3948 viris

360 4013 703 4066 constaret
720 4052 736 4079 ‚
795 4003 1306 4086 magistratibus
1324 4053 1338 4078 ,
1402 3975 1855 4077 senatoribus,
1918 4001 2351 4090 centumviris
2368 4049 2383 4076 ,
2444 4001 2553 4064 cui

356 4122 503 4184 dux
572 4129 643 4183 et
711 4141 976 4203 auspex
1044 4130 1227 4183 esset
1295 4119 1546 4183 Hanno
1565 4169 1579 4194 ‚
1646 4139 2078 4200 summopere
2141 4119 2414 4182 studere
2475 4127 2551 4181 ut

354 4256 602 4318 pacem
666 4244 1016 4299 servarent
1032 4285 1046 4311 ‚
1109 4256 1244 4317 qua
1304 4236 1452 4298 sola
1511 4245 1751 4298 contra
1807 4233 2046 4316 populi
2089 4233 2432 4297 licentiam
2479 4243 2549 4296 et

358 4352 586 4440 gentis
647 4352 979 4415 Barcinae
1042 4352 1336 4434 gratiam
1392 4362 1813 4416 crescentem
1862 4371 1936 4413 se
1983 4350 2347 4413 defendere
2393 4370 2546 4431 pos-
