3375 5084
1756 328 1881 400 264

820 514 908 577 Et
966 515 1051 577 ΙΙ.
1116 536 1171 577 ο.
1239 521 1319 593 38
1383 522 1413 591 g
1474 538 1545 593 4:
1594 521 1730 591 πῶς
1776 509 1891 578 οὖν
1941 518 2050 576 καὶ
2100 511 2209 579 διὰ
2257 515 2321 576 τί
2369 523 2486 580 νῦν
2533 511 2905 580 &annovam

729 630 846 713 (sic
894 651 933 693 e
979 631 1126 694 libr.
1173 652 1328 695 mss,
1375 631 1581 695 etiam
1626 630 1979 712 Hultzsch)
2025 619 2204 697 οὗτοί
2252 654 2318 694 τε
2360 631 2452 713 (τὸ
2487 634 2616 695 τῶν
2656 629 2908 715 Ἀρκά-

686 827 689 832 Ι
735 744 863 810 δων
932 747 1166 823 ἔθνος,
1218 749 1445 830 ὁμοίως
1492 748 1560 813 δὲ
1610 753 1719 812 καὶ
1768 749 1839 810 τὸ
1885 749 2015 813 τῶν
2051 746 2408 828 Λακωνων)
2440 750 2548 809 καὶ
2582 749 2652 809 τὸ
2679 743 2906 811 λοιπὸν

750 858 1001 944 πλῆθος
1078 865 1207 928 τῶν
1285 861 1838 944 Πελοποννησίων
1867 911 1883 937 ,
1961 864 2097 944 ἅμα
2172 870 2289 945 τὴν
2367 862 2705 929 πολιτείαν
2777 865 2908 925 τῶν

765 978 1051 1062 Αχαιῶν
1101 983 1209 1042 καὶ
1258 985 1375 1060 τὴν
1422 982 1856 1063 προςηγορίαν
1902 975 2394 1061 μετειληφότες-ς

821 1092 1140 1175 Spartani
1207 1104 1279 1157 et
1343 1093 1665 1157 Messenii
1734 1115 1793 1157 a.
1873 1100 1946 1157 18
1955 1117 1989 1173 3
2041 1116 2105 1158 *a
2161 1094 2461 1177 Lycorta
2524 1095 2610 1156 ad
2667 1093 2907 1156 foedus

731 1208 1113 1274 Achaicum
1159 1209 1456 1272 adiuncti
1499 1220 1679 1285 sunt;
1715 1208 2034 1292 Spartam
2064 1231 2239 1274 anno
2282 1232 2402 1290 149
2436 1230 2588 1272 cum
2610 1208 2912 1272 Achaeis

732 1327 990 1388 bellum
1059 1326 1354 1408 gessisse
1416 1326 1663 1388 scimus
1726 1326 1821 1409 (P.
1884 1327 2037 1389 XL.
2099 1347 2154 1390 e.
2206 1348 2238 1388 2
2290 1332 2321 1403 5
2371 1332 2444 1401 6;
2490 1324 2911 1388 XXXVIII.

731 1463 786 1505 c,
862 1464 894 1504 2
969 1448 1000 1519 ἓ
1064 1441 1157 1523 6),
1219 1442 1451 1524 itaque
1511 1451 1795 1524 uterque
1856 1443 2047 1507 locus
2106 1452 2263 1506 ante
2320 1466 2341 1505 1
2357 1465 2440 1521 49
2488 1443 2779 1523 scriptus
2822 1441 2912 1504 sit

729 1578 1011 1621 necesse
1079 1567 1200 1621 est.
1309 1555 1451 1622 Sed
1520 1558 1726 1621 etiam
1795 1579 1949 1622 cum
2017 1559 2087 1621 hi
2149 1559 2284 1622 loci
2347 1567 2493 1622 tum
2552 1558 2668 1621 alii
2726 1556 2912 1619 nullo

732 1674 937 1735 modo
984 1673 1317 1754 quadrant
1363 1693 1518 1735 cum
1562 1674 1766 1735 rebus
1811 1673 2268 1755 Peloponnesi
2305 1683 2468 1756 post
2524 1695 2545 1735 1
2561 1678 2662 1751 46.
2709 1673 2784 1735 P.
2823 1672 2911 1736 ΙΙ.

732 1809 786 1852 ο.
861 1808 938 1868 37
1006 1793 1036 1865 5
1110 1810 1187 1850 10
1249 1788 1412 1852 dicit
1455 1790 1587 1851 hoc
1634 1810 1784 1851 esse
1830 1790 2203 1852 maximum
2251 1790 2684 1853 commodum
2729 1789 2912 1871 quod

733 1904 1098 1968 concordia
1151 1905 1628 1987 Peloponneso
1675 1905 1977 1969 attulerit
1993 1954 2007 1980 ,
2056 1907 2240 1987 quod
2284 1925 2462 1969 nunc
2511 1925 2745 1969 omnes
2791 1905 2915 1967 eis-

733 2022 890 2084 dem
936 2021 1207 2103 legibus
1223 2070 1238 2097 ,
1285 2021 1502 2084 modis
1519 2070 1533 2096 ,
1579 2022 1992 2103 ponderibus
2010 2071 2024 2097 ,
2070 2022 2388 2097 nummiS,
2438 2022 2695 2086 eisdem
2717 2041 2907 2104 prae-

735 2146 925 2199 terea
970 2136 1477 2218 magistratibus
1494 2185 1508 2211 ‚
1556 2138 1982 2201 senatoribus
2002 2186 2017 2213 ,
2064 2138 2400 2201 iudicibus
2445 2147 2737 2201 utuntur.
2816 2137 2916 2199 Ea

736 2251 1011 2332 quidem
1065 2253 1159 2315 K.
1205 2251 1320 2315 W.
1368 2252 1644 2316 Nitzsch
1690 2253 1856 2336 (Pol.
1902 2274 1967 2336 p.
2016 2253 2122 2335 87)
2168 2263 2238 2317 et
2283 2254 2734 2317 Markhauser
2779 2253 2917 2334 (der

737 2365 981 2430 Gesch.
1031 2365 1220 2432 Schr.
1267 2368 1413 2431 Pol.
1468 2388 1533 2450 p.
1585 2373 1623 2430 6
1632 2369 1870 2451 5-67)
1916 2371 2005 2432 ad
2050 2379 2319 2451 tempus
2364 2378 2523 2451 post
2577 2391 2697 2448 144
2744 2366 2912 2431 refe-

735 2485 947 2547 renda
991 2505 1142 2548 esse
1189 2486 1628 2559 contendunt,
1676 2487 1799 2549 sed
1847 2487 2051 2550 credo
2082 2483 2342 2550 frustra.
2399 2485 2555 2549 Non
2587 2495 2693 2548 est
2721 2485 2912 2547 huius

737 2600 872 2662 loci
920 2600 1286 2682 diligenter
1329 2601 1664 2682 inquirere
1707 2602 1777 2664 in
1808 2602 2262 2665 conditionem
2285 2601 2740 2684 Peloponnesi
2762 2609 2914 2682 post

746 2719 885 2792 146.
977 2715 1087 2777 De
1147 2736 1232 2778 ea
1279 2726 1596 2779 accurate
1644 2728 1935 2799 egerunt
1979 2717 2260 2781 Bekker
2304 2714 2375 2799 ¹),
2421 2717 2805 2782 Mommsen
2842 2714 2914 2796 ²),

738 2830 1128 2913 Hertzberg
1166 2829 1236 2911 ³),
1284 2831 1414 2894 alii.
1488 2829 1631 2895 Sed
1677 2832 1935 2914 aliquot
1979 2853 2089 2895 res
2132 2834 2196 2896 h.
2244 2834 2285 2896 1.
2333 2830 2720 2896 afferendae
2744 2840 2908 2895 sunt.

739 2947 848 3010 Ac
916 2947 1208 3028 primum
1267 2947 1540 3028 quidem
1600 2946 1921 3031 Spartani
1986 2949 2123 3012 suis
2176 2949 2447 3032 legibus
2462 2997 2478 3022 ‚
2527 2949 2663 3012 suis
2709 2948 2915 3031 magi-

740 3065 1059 3127 stratibus
1122 3065 1693 3145 quemadmodum
1755 3065 1916 3128 olim
1976 3066 2280 3129 instituta
2340 3076 2533 3129 erant
2547 3114 2562 3141 ,
2608 3067 2730 3128 sed
2774 3065 2911 3127 sine

738 3180 1020 3263 regibus
1036 3228 1050 3255 ,
1113 3181 1478 3242 utebantur
1514 3179 1576 3260 ⁴).
1668 3181 1987 3263 Reliquis
2032 3182 2420 3246 civitatibus
2465 3180 2916 3263 Peloponnesi

742 3297 1003 3378 aliquot
1070 3296 1259 3358 annis
1326 3305 1483 3377 post
1561 3302 1679 3374 146
1745 3317 1789 3359 a
1845 3297 2178 3361 Romanis
2238 3307 2542 3380 potestas
2598 3299 2758 3360 data
2815 3305 2915 3360 est

748 3412 993 3474 veteris
1039 3410 1383 3475 societatis
1428 3412 1657 3493 specie
1705 3413 1999 3493 quadam
2043 3415 2502 3489 renovandae3
2551 3423 2621 3477 et
2666 3413 2913 3475 mulcta

832 3759 873 3842 ¹)
915 3763 1091 3821 Rom.
1135 3759 1256 3821 Alt.
1301 3763 1408 3821 III.
1451 3764 1498 3820 Ι.
1543 3782 1602 3839 p.
1652 3782 1760 3834 121
1810 3782 1937 3840 sqq.

822 3860 874 3942 2)
914 3862 990 3920 R.
1034 3859 1110 3920 G.
1153 3862 1230 3919 H.
1274 3881 1332 3938 p.
1378 3862 1455 3934 48
1498 3860 1635 3921 adn.

825 3958 874 4041 ²³)
915 3960 959 4017 I.
1019 3978 1078 4036 p.
1143 3961 1460 4036 284—296
1517 3959 1655 4020 adn.
1740 3962 1798 4020 Is
1849 3970 2050 4021 autem
2092 3959 2296 4038 primis
2336 3959 2568 4038 Polybii
2607 3956 2768 4019 libris
2805 3975 2924 4016 non

740 4077 881 4116 usus
927 4067 1017 4117 est
1056 4057 1216 4118 fonte
1258 4077 1291 4117 e
1333 4077 1453 4135 quo
1495 4069 1884 4137 cognosceret
1925 4058 2329 4120 conditionem
2373 4056 2761 4136 Peloponnesi
2791 4064 2924 4133 post

750 4158 862 4227 146
880 4201 895 4228 ,
937 4165 1129 4232 neque
1171 4159 1527 4217 Mommsen.

829 4251 879 4331 4)
934 4255 1104 4312 Paus.
1162 4257 1239 4312 Π.
1298 4275 1333 4331 9
1389 4261 1416 4327 §
1473 4276 1539 4332 3:
1597 4262 1644 4326 ἐς
1679 4261 1801 4317 τόδε
1838 4261 2065 4337 διαμένει
2103 4266 2271 4338 σφίσιν
2310 4265 2499 4325 ἐκείνης
2533 4254 2649 4336 (τῆς
2683 4251 2923 4334 πατρίου)

734 4354 995 4419 πολιτείας
1062 4352 1182 4412 Cfr.
1225 4353 1559 4435 Hertzberg
1600 4375 1660 4432 p.
1707 4358 1823 4435 306
1867 4373 1993 4432 sqq.
