3375 5084
1827 345 1902 399 92

862 514 1176 596 Denique
1239 516 1306 577 in
1368 535 1544 578 anno
1604 516 2130 598 oppugnationis
2179 515 2447 580 Galliae
2494 516 2970 579 constituendo

773 631 1101 714 Polybius
1147 653 1190 694 a
1235 632 1511 713 reliquis
1558 631 1801 695 differt.
1848 632 2049 695 Dion.
2097 619 2318 696 Halic.
2368 632 2463 696 ait
2492 633 2636 696 fere
2670 632 2972 696 omnium

775 768 1106 810 consensu
1151 769 1304 810 eam
1349 748 1600 812 factam
1646 769 1798 811 esse
1847 747 1954 811 Ol.
2004 754 2106 828 98.
2164 771 2185 810 1
2241 750 2318 831 (a.
2356 747 2504 829 388)
2537 749 2590 830 ¹).
2637 748 2972 830 Polybius

773 871 1008 926 contra
1068 864 1137 945 (Ι.
1200 884 1254 926 c.
1314 867 1351 925 6
1400 870 1431 940 ἓ
1488 886 1509 925 1
1567 863 1687 945 sq.)
1734 865 1973 926 urbem
2020 872 2489 946 expugnatam
2537 883 2687 925 esse
2735 863 2975 925 statuit

773 999 948 1041 anno
1040 990 1238 1043 sexto
1330 980 1597 1043 decimo
1674 989 2041 1061 antequam
2116 978 2426 1046 Leuctris
2502 987 2927 1060 pugnaretur
2950 1027 2968 1054 ,

773 1096 1016 1158 eodem
1083 1116 1219 1176 quo
1287 1095 1657 1177 Dionysius
1726 1094 2082 1178 Rhegium
2150 1096 2428 1158 adortus
2489 1103 2669 1158 esset
2686 1142 2701 1167 ,
2775 1095 2970 1157 annis

768 1210 1213 1292 undeviginta
1257 1222 1414 1292 post
1458 1231 1763 1294 pugnam
1808 1213 1898 1274 ad
1940 1210 2498 1293 Aegospotamos
2544 1211 2624 1292 (a.
2675 1209 2856 1291 406),
2888 1210 2965 1272 id

771 1336 875 1389 est
944 1324 1051 1388 Ol.
1125 1332 1226 1406 98.
1300 1348 1331 1388 2
1405 1328 1483 1411 (a.
1550 1327 1699 1408 387)
1740 1326 1801 1408 2).
1896 1326 2031 1390 Cur
2091 1327 2224 1388 hoc
2286 1326 2477 1400 loco,
2532 1335 2608 1388 ut
2653 1326 2739 1387 de
2785 1345 2967 1387 anno

770 1442 956 1504 urbis
973 1491 987 1516 ,
1048 1443 1137 1504 ab
1199 1444 1601 1506 auctoritate
1664 1442 1863 1505 Fabii
1916 1463 2118 1524 quem
2164 1441 2570 1523 Dionysium
2619 1441 2823 1503 etiam
2867 1441 2969 1502 in-

770 1558 997 1621 dicare
1040 1561 1281 1641 negari
1326 1580 1463 1622 non
1507 1570 1737 1642 potest
1756 1609 1770 1635 ,
1818 1559 2187 1623 decesserit
2204 1607 2218 1634 ,
2263 1578 2467 1622 causa
2495 1558 2662 1620 mihi
2699 1557 2972 1619 videtur

687 1688 693 1693 ’
769 1674 971 1737 haec:
1040 1675 1293 1738 Fabius
1359 1677 1455 1739 ita
1519 1677 1887 1739 adventum
1948 1674 2302 1740 Gallorum
2348 1674 2464 1756 qui
2510 1684 2697 1737 trans
2742 1671 2970 1754 Alpes

771 1790 1075 1854 colerent
1137 1792 1534 1873 exposuisse
1596 1792 1896 1867 videtur,
1958 1802 2034 1855 ut
2099 1791 2157 1854 is
2218 1792 2462 1854 eodem
2524 1809 2701 1852 anno
2748 1788 2973 1851 factus

771 1916 977 1981 esset,
1055 1927 1190 1988 quo
1266 1908 1498 1970 Roma
1566 1918 1749 1971 esset
1824 1918 2027 1989 capta
2044 1957 2057 1975 .
2127 1908 2244 1970 vel
2312 1906 2540 1988 potius
2601 1907 2975 1968 adventum

770 2019 1123 2085 Gallorum
1192 2034 1262 2087 et
1328 2025 1630 2087 Romam
1694 2034 1967 2106 captam
2027 2025 2116 2086 ad
2180 2025 2472 2087 eundem
2537 2008 2786 2084 annum
2849 2021 2973 2082 ad-

769 2139 1160 2219 scripserat‚
1222 2143 1406 2222 quod
1472 2142 1677 2205 etiam
1729 2141 2075 2204 Diodorus
2118 2139 2312 2216 fecit;
2359 2139 2690 2221 Polybius
2736 2146 2971 2201 autem

771 2275 923 2318 cum
984 2256 1261 2338 aliquod
1320 2267 1588 2339 tempus
1632 2258 1704 2320 in
1750 2257 2229 2340 expugnandis
2275 2256 2543 2338 oppidis
2589 2255 2972 2317 Tuscorum

768 2372 998 2435 tritum
1067 2393 1217 2435 esse
1287 2374 1552 2437 videret
1568 2423 1582 2448 ,
1644 2393 1952 2456 pugnam
2012 2372 2369 2436 Aliensem
2433 2373 2522 2434 ad
2581 2369 2973 2452 proximum

769 2507 1018 2550 annum
1063 2490 1404 2553 rettulisse
1450 2490 1735 2553 videtur.
1817 2490 2059 2573 Itaque
2104 2510 2226 2553 sua
2272 2499 2658 2570 temporum
2701 2485 2971 2549 ratione

770 2606 1012 2668 ductus
1029 2654 1043 2680 ,
1128 2607 1312 2687 quod
1397 2606 1674 2688 aliquod
1748 2606 2074 2688 temporis
2142 2605 2435 2688 spatium
2502 2601 2971 2668 intercessisse

852 2862 899 2943 ¹)
942 2863 1120 2926 Dion.
1166 2868 1248 2926 H.
1294 2869 1341 2926 Ι.
1390 2883 1465 2942 74
1505 2876 1533 2940 §
1578 2884 1673 2944 25.
1748 2868 2117 2928 Consensum
2158 2875 2474 2927 auctorum
2518 2883 2696 2942 quem
2740 2861 2977 2941 Diony·-

764 2961 881 3023 sius
937 2976 1230 3025 memorat
1285 2965 1551 3027 Niebuhr
1593 2967 1694 3049 (R.
1736 2967 1810 3027 G.
1856 2969 1903 3026 Ι.
1947 2986 2005 3044 p.
2056 2984 2169 3044 297
2215 2966 2354 3026 adn.
2401 2964 2544 3047 697)
2586 2964 2668 3023 ita
2711 2960 2976 3040 explicat

764 3071 829 3121 ut
884 3064 1312 3142 Theopompus
1364 3066 1458 3125 vel
1509 3065 1859 3126 Aristoteles
1902 3062 2214 3125 tradiderit
2253 3067 2515 3124 Romam
2557 3073 2798 3141 captam
2841 3080 2978 3121 esse

765 3165 1016 3243 ἄρχοντος
1050 3173 1371 3244 Πυργίωνοςς
1417 3167 1756 3225 Mommsen
1798 3164 1898 3246 (R.
1945 3165 2164 3225 Chron.
2209 3184 2270 3241 p.
2318 3163 2492 3244 202),
2536 3172 2602 3223 ut
2643 3160 2865 3222 Fabius
2905 3160 2976 3221 id

763 3259 1036 3319 sumserit
1078 3280 1151 3320 ex
1192 3261 1525 3339 antiquiore
1574 3263 1728 3324 libro
1771 3262 1951 3323 Siculi
1993 3262 2237 3323 alicuius
2279 3260 2601 3340 scriptoris
2673 3260 2789 3320 Sed
2830 3258 2977 3319 Nie-

763 3359 917 3420 buhr
958 3358 1074 3420 alio
1114 3361 1249 3422 loco
1291 3360 1392 3442 (R.
1437 3363 1512 3422 G.
1555 3365 1633 3423 II.
1676 3383 1736 3439 p.
1784 3362 1926 3443 624)
1954 3364 2410 3424 Eratosthenem
2439 3372 2499 3422 et
2525 3360 2972 3438 Apollodorum

760 3458 825 3518 id
881 3459 1192 3520 tradidisse
1247 3471 1306 3521 et
1359 3463 1737 3540 pervulgasse
1794 3461 2031 3523 conicit.
2088 3497 2168 3505 —
2218 3462 2499 3522 Ceterum
2542 3461 2646 3520 cfr.
2690 3459 2839 3518 Plin.
2881 3460 2970 3518 H.

763 3560 835 3616 N.
903 3560 1011 3619 ΠΙ.
1057 3580 1126 3637 9:
1172 3562 1638 3639 „Theopompus
1655 3608 1669 3635 ‚
1715 3571 1854 3621 ante
1897 3580 2075 3638 quem
2117 3581 2281 3621 nemo
2324 3559 2685 3620 mentionem
2726 3557 2935 3618 habuit
2952 3604 2972 3633 ‚

763 3659 974 3718 urbem
1036 3662 1356 3720 dumtaxat
1405 3680 1443 3721 a
1496 3660 1679 3721 Gallis
1742 3671 1981 3738 captam
2038 3659 2246 3720 dixit.”
2330 3662 2472 3720 Hoc
2527 3660 2765 3719 obstare
2823 3655 2976 3716 mihi

654 3786 659 3790 ·
761 3755 995 3816 videtur
1036 3757 1342 3818 Niebuhrii
1383 3758 1755 3820 coniecturis.

848 3854 898 3935 2)
953 3855 1080 3917 Nisi
1140 3858 1310 3918 fallor
1329 3905 1344 3933 ‚
1403 3879 1540 3918 cum
1598 3859 1774 3919 Niese
1822 3858 1942 3940 (die
1985 3859 2206 3920 Chron.
2251 3860 2309 3919 d.
2355 3859 2507 3919 Gall.
2549 3861 2660 3917 Kr.
2701 3855 2798 3917 bei
2823 3847 2972 3916 Pol.

764 3958 1021 4017 Hermes
1078 3959 1230 4032 1878
1276 3966 1384 4035 3tes
1425 3960 1572 4019 Heft
1613 3980 1669 4036 p.
1719 3959 2066 4042 4014-413)
2110 3969 2237 4019 turn
2279 3958 2375 4019 alii
2417 3968 2749 4020 statuerunt
2790 3957 2970 4033 Poly·

762 4054 927 4114 bium
996 4056 1228 4116 cladem
1296 4060 1636 4117 Romanam
1706 4059 2027 4118 collocasse
2095 4058 2174 4119 ad
2236 4078 2459 4119 annum
2522 4078 2660 4136 390.
2771 4054 2967 4115 Nimis

766 4153 1144 4214 temerarium
1186 4155 1329 4216 mihi
1369 4155 1603 4217 videtur
1632 4158 1810 4216 talem
1843 4157 2302 4218 inconstantiam
2330 4156 2579 4235 Polybio
2608 4158 2968 4233 obtrudere3

765 4271 971 4311 verum
1013 4254 1169 4313 enim
1210 4275 1351 4315 vero
1392 4257 1553 4316 hunc
1592 4257 1792 4316 locum
1835 4256 1923 4338 (P.
1968 4259 2014 4315 I.
2061 4261 2096 4316 6
2141 4265 2168 4329 ξ
2216 4278 2242 4317 1
2290 4257 2404 4338 sq.)
2433 4277 2537 4318 eos
2563 4256 2720 4317 viros
2748 4258 2971 4318 doctos

766 4352 978 4430 fugisse
1020 4354 1118 4413 vix
1159 4356 1415 4416 credam.
