<?xml version="1.0" encoding="UTF-8"?>
<!DOCTYPE html PUBLIC "-//W3C//DTD XHTML 1.0 Transitional//EN"
    "http://www.w3.org/TR/xhtml1/DTD/xhtml1-transitional.dtd">
<html xmlns="http://www.w3.org/1999/xhtml" xml:lang="en" lang="en">
 <head>
  <title>
</title>
<meta http-equiv="Content-Type" content="text/html;charset=utf-8" />
  <meta name='ocr-system' content='tesseract 3.04.00' />
  <meta name='ocr-capabilities' content='ocr_page ocr_carea ocr_par ocr_line ocrx_word'/>
</head>
<body>
  <div class='ocr_page' id='page_1' title='image "./depolybiifontib00wetegoog_0069.png"; bbox 0 0 3375 5084; ppageno 0'>
   <div class='ocr_carea' id='block_1_1' title="bbox 1432 356 1629 427">
    <p class='ocr_par' dir='ltr' id='par_1_1' title="bbox 1432 356 1629 427">
     <span class='ocr_line' id='line_1_1' title="bbox 1432 356 1629 427; baseline 0.015 -14"><span class='ocrx_word' id='word_1_1' title='bbox 1432 356 1629 427; x_wconf 51' lang='lat'>57,</span> 
     </span>
    </p>
   </div>
   <div class='ocr_carea' id='block_1_2' title="bbox 375 531 2583 3633">
    <p class='ocr_par' dir='ltr' id='par_1_2' title="bbox 380 531 2573 730">
     <span class='ocr_line' id='line_1_2' title="bbox 380 531 2571 613; baseline 0.001 -21"><span class='ocrx_word' id='word_1_2' title='bbox 380 531 549 593; x_wconf 87' lang='lat' dir='ltr'>ratio</span> <span class='ocrx_word' id='word_1_3' title='bbox 613 533 797 612; x_wconf 90' lang='lat' dir='ltr'>apud</span> <span class='ocrx_word' id='word_1_4' title='bbox 857 532 1168 613; x_wconf 91' lang='lat' dir='ltr'>antiquos</span> <span class='ocrx_word' id='word_1_5' title='bbox 1230 531 1587 594; x_wconf 89' lang='lat' dir='ltr'>Romanos</span> <span class='ocrx_word' id='word_1_6' title='bbox 1645 532 2000 594; x_wconf 83' lang='lat' dir='ltr'>deducitur</span> <span class='ocrx_word' id='word_1_7' title='bbox 2053 553 2095 594; x_wconf 92' lang='lat' dir='ltr'>a</span> <span class='ocrx_word' id='word_1_8' title='bbox 2141 534 2400 613; x_wconf 92' lang='lat' dir='ltr'>templo</span> <span class='ocrx_word' id='word_1_9' title='bbox 2449 533 2571 596; x_wconf 87' lang='lat' dir='ltr'>Ca-</span> 
     </span>
     <span class='ocr_line' id='line_1_3' title="bbox 380 646 2573 730; baseline 0.002 -22"><span class='ocrx_word' id='word_1_10' title='bbox 380 646 665 727; x_wconf 91' lang='lat' dir='ltr'>pitolino</span> <span class='ocrx_word' id='word_1_11' title='bbox 710 647 1026 710; x_wconf 91' lang='lat' dir='ltr'>dedicato</span> <span class='ocrx_word' id='word_1_12' title='bbox 1073 647 1478 729; x_wconf 90' lang='lat' dir='ltr'>(Mommsen</span> <span class='ocrx_word' id='word_1_13' title='bbox 1524 648 1613 712; x_wconf 89' lang='lat' dir='ltr'>R.</span> <span class='ocrx_word' id='word_1_14' title='bbox 1664 646 1745 711; x_wconf 84' lang='lat' dir='ltr'>G.</span> <span class='ocrx_word' id='word_1_15' title='bbox 1795 649 1899 710; x_wconf 92' lang='lat' dir='ltr'>ed.</span> <span class='ocrx_word' id='word_1_16' title='bbox 1949 652 1987 709; x_wconf 84' lang='lat'>6</span> <span class='ocrx_word' id='word_1_17' title='bbox 2035 648 2085 710; x_wconf 94' lang='lat' dir='ltr'>I.</span> <span class='ocrx_word' id='word_1_18' title='bbox 2131 668 2196 728; x_wconf 93' lang='lat' dir='ltr'>p.</span> <span class='ocrx_word' id='word_1_19' title='bbox 2255 668 2381 727; x_wconf 83' lang='lat'>459</span> <span class='ocrx_word' id='word_1_20' title='bbox 2439 649 2573 730; x_wconf 90' lang='lat' dir='ltr'>sq.).</span> 
     </span>
    </p>

    <p class='ocr_par' dir='ltr' id='par_1_3' title="bbox 375 763 2583 3633">
     <span class='ocr_line' id='line_1_4' title="bbox 471 763 2573 835; baseline 0.002 -11"><span class='ocrx_word' id='word_1_21' title='bbox 471 763 756 826; x_wconf 83' lang='lat' dir='ltr'>Praeter</span> <span class='ocrx_word' id='word_1_22' title='bbox 799 765 926 826; x_wconf 92' lang='lat' dir='ltr'>hos</span> <span class='ocrx_word' id='word_1_23' title='bbox 972 763 1183 827; x_wconf 89' lang='lat' dir='ltr'>fastos</span> <span class='ocrx_word' id='word_1_24' title='bbox 1231 766 1620 828; x_wconf 91' lang='lat' dir='ltr'>consulares</span> <span class='ocrx_word' id='word_1_25' title='bbox 1666 763 1937 827; x_wconf 87' lang='lat' dir='ltr'>fuerunt</span> <span class='ocrx_word' id='word_1_26' title='bbox 1974 763 2130 827; x_wconf 80' lang='lat' dir='ltr'>fasti</span> <span class='ocrx_word' id='word_1_27' title='bbox 2161 765 2573 835; x_wconf 83' lang='lat' dir='ltr'>calendareS.</span> 
     </span>
     <span class='ocr_line' id='line_1_5' title="bbox 379 878 2568 962; baseline 0.001 -21"><span class='ocrx_word' id='word_1_28' title='bbox 379 880 495 959; x_wconf 93' lang='lat' dir='ltr'>qui</span> <span class='ocrx_word' id='word_1_29' title='bbox 558 881 647 941; x_wconf 92' lang='lat' dir='ltr'>ad</span> <span class='ocrx_word' id='word_1_30' title='bbox 707 900 948 942; x_wconf 91' lang='lat' dir='ltr'>munus</span> <span class='ocrx_word' id='word_1_31' title='bbox 992 878 1387 961; x_wconf 90' lang='lat' dir='ltr'>pontificum</span> <span class='ocrx_word' id='word_1_32' title='bbox 1431 880 1837 962; x_wconf 87' lang='lat' dir='ltr'>pertinuisse</span> <span class='ocrx_word' id='word_1_33' title='bbox 1882 880 2198 943; x_wconf 90' lang='lat' dir='ltr'>videntur</span> <span class='ocrx_word' id='word_1_34' title='bbox 2242 880 2568 961; x_wconf 88' lang='lat' dir='ltr'>(hemero-</span> 
     </span>
     <span class='ocr_line' id='line_1_6' title="bbox 379 994 2573 1077; baseline 0.001 -21"><span class='ocrx_word' id='word_1_35' title='bbox 379 994 587 1077; x_wconf 78' lang='lat' dir='ltr'>logia)</span> <span class='ocrx_word' id='word_1_36' title='bbox 633 997 817 1077; x_wconf 92' lang='lat' dir='ltr'>quod</span> <span class='ocrx_word' id='word_1_37' title='bbox 861 996 1227 1059; x_wconf 85' lang='lat' dir='ltr'>verisimile</span> <span class='ocrx_word' id='word_1_38' title='bbox 1275 1005 1380 1061; x_wconf 91' lang='lat' dir='ltr'>est</span> <span class='ocrx_word' id='word_1_39' title='bbox 1427 1017 1581 1059; x_wconf 91' lang='lat' dir='ltr'>cum</span> <span class='ocrx_word' id='word_1_40' title='bbox 1627 996 1918 1059; x_wconf 90' lang='lat' dir='ltr'>sciamus</span> <span class='ocrx_word' id='word_1_41' title='bbox 1963 994 2320 1077; x_wconf 87' lang='lat' dir='ltr'>pontifices</span> <span class='ocrx_word' id='word_1_42' title='bbox 2366 996 2573 1077; x_wconf 91' lang='lat' dir='ltr'>potis-</span> 
     </span>
     <span class='ocr_line' id='line_1_7' title="bbox 377 1111 2571 1193; baseline 0 -20"><span class='ocrx_word' id='word_1_43' title='bbox 377 1111 622 1173; x_wconf 88' lang='lat' dir='ltr'>simum</span> <span class='ocrx_word' id='word_1_44' title='bbox 681 1112 937 1193; x_wconf 88' lang='lat' dir='ltr'>peritos</span> <span class='ocrx_word' id='word_1_45' title='bbox 999 1111 1206 1180; x_wconf 83' lang='lat' dir='ltr'>fuisse</span> <span class='ocrx_word' id='word_1_46' title='bbox 1252 1113 1430 1176; x_wconf 91' lang='lat' dir='ltr'>coeli</span> <span class='ocrx_word' id='word_1_47' title='bbox 1479 1112 1891 1175; x_wconf 91' lang='lat' dir='ltr'>demetiendi</span> <span class='ocrx_word' id='word_1_48' title='bbox 1938 1112 2243 1186; x_wconf 91' lang='lat' dir='ltr'>rationis;</span> <span class='ocrx_word' id='word_1_49' title='bbox 2294 1113 2571 1175; x_wconf 91' lang='lat' dir='ltr'>eosdem</span> 
     </span>
     <span class='ocr_line' id='line_1_8' title="bbox 376 1226 2576 1309; baseline 0.001 -21"><span class='ocrx_word' id='word_1_50' title='bbox 376 1227 669 1308; x_wconf 85' lang='lat' dir='ltr'>antiquis</span> <span class='ocrx_word' id='word_1_51' title='bbox 730 1228 1150 1309; x_wconf 87' lang='lat' dir='ltr'>temporibus</span> <span class='ocrx_word' id='word_1_52' title='bbox 1165 1277 1179 1302; x_wconf 92' lang='lat'>,</span> <span class='ocrx_word' id='word_1_53' title='bbox 1244 1229 1504 1309; x_wconf 92' lang='lat' dir='ltr'>populo</span> <span class='ocrx_word' id='word_1_54' title='bbox 1563 1228 1634 1290; x_wconf 92' lang='lat' dir='ltr'>in</span> <span class='ocrx_word' id='word_1_55' title='bbox 1701 1226 2111 1309; x_wconf 82' lang='lat' dir='ltr'>Capitolium</span> <span class='ocrx_word' id='word_1_56' title='bbox 2159 1237 2537 1291; x_wconf 90' lang='lat' dir='ltr'>convocato</span> <span class='ocrx_word' id='word_1_57' title='bbox 2561 1276 2576 1301; x_wconf 90' lang='lat'><strong><em>,</em></strong></span> 
     </span>
     <span class='ocr_line' id='line_1_9' title="bbox 378 1342 2576 1426; baseline 0.001 -22"><span class='ocrx_word' id='word_1_58' title='bbox 378 1343 899 1425; x_wconf 91' lang='lat' dir='ltr'>uniuscuiusque</span> <span class='ocrx_word' id='word_1_59' title='bbox 953 1344 1219 1407; x_wconf 83' lang='lat' dir='ltr'>mensis·</span> <span class='ocrx_word' id='word_1_60' title='bbox 1249 1344 1565 1407; x_wconf 89' lang='lat' dir='ltr'>kalendis</span> <span class='ocrx_word' id='word_1_61' title='bbox 1608 1364 1823 1405; x_wconf 91' lang='lat' dir='ltr'>nonas</span> <span class='ocrx_word' id='word_1_62' title='bbox 1840 1392 1854 1418; x_wconf 95' lang='lat'>‚</span> <span class='ocrx_word' id='word_1_63' title='bbox 1902 1344 2096 1406; x_wconf 91' lang='lat' dir='ltr'>nonis</span> <span class='ocrx_word' id='word_1_64' title='bbox 2143 1342 2346 1406; x_wconf 90' lang='lat' dir='ltr'>ferias</span> <span class='ocrx_word' id='word_1_65' title='bbox 2389 1344 2576 1426; x_wconf 83' lang='lat' dir='ltr'>regis</span> 
     </span>
     <span class='ocr_line' id='line_1_10' title="bbox 376 1457 2573 1540; baseline 0 -19"><span class='ocrx_word' id='word_1_66' title='bbox 376 1457 737 1522; x_wconf 91' lang='lat' dir='ltr'>sacrificuli</span> <span class='ocrx_word' id='word_1_67' title='bbox 796 1460 983 1523; x_wconf 91' lang='lat' dir='ltr'>iussu</span> <span class='ocrx_word' id='word_1_68' title='bbox 1045 1460 1378 1523; x_wconf 85' lang='lat' dir='ltr'>calavisse</span> <span class='ocrx_word' id='word_1_69' title='bbox 1397 1509 1410 1534; x_wconf 91' lang='lat'>,</span> <span class='ocrx_word' id='word_1_70' title='bbox 1475 1469 1546 1522; x_wconf 92' lang='lat' dir='ltr'>et</span> <span class='ocrx_word' id='word_1_71' title='bbox 1606 1479 1786 1521; x_wconf 92' lang='lat' dir='ltr'>anno</span> <span class='ocrx_word' id='word_1_72' title='bbox 1858 1480 1880 1520; x_wconf 93' lang='lat'>1</span> <span class='ocrx_word' id='word_1_73' title='bbox 1896 1481 1934 1537; x_wconf 89' lang='lat'>9</span> <span class='ocrx_word' id='word_1_74' title='bbox 1948 1481 1969 1520; x_wconf 94' lang='lat'>1</span> <span class='ocrx_word' id='word_1_75' title='bbox 2028 1457 2424 1540; x_wconf 88' lang='lat' dir='ltr'>pontificum</span> <span class='ocrx_word' id='word_1_76' title='bbox 2471 1479 2573 1521; x_wconf 92' lang='lat' dir='ltr'>ar-</span> 
     </span>
     <span class='ocr_line' id='line_1_11' title="bbox 375 1557 2576 1657; baseline 0 -20"><span class='ocrx_word' id='word_1_77' title='bbox 375 1575 580 1638; x_wconf 87' lang='lat' dir='ltr'>bitrio</span> <span class='ocrx_word' id='word_1_78' title='bbox 628 1596 718 1637; x_wconf 85' lang='lat' dir='ltr'>ex</span> <span class='ocrx_word' id='word_1_79' title='bbox 745 1557 874 1638; x_wconf 67' lang='lat' dir='ltr'>⁴M.&#39;</span> <span class='ocrx_word' id='word_1_80' title='bbox 918 1574 1048 1639; x_wconf 87' lang='lat' dir='ltr'>Ae.</span> <span class='ocrx_word' id='word_1_81' title='bbox 1099 1574 1486 1640; x_wconf 87' lang='lat' dir='ltr'>Glabrionis</span> <span class='ocrx_word' id='word_1_82' title='bbox 1533 1576 1696 1657; x_wconf 85' lang='lat' dir='ltr'>lege</span> <span class='ocrx_word' id='word_1_83' title='bbox 1727 1574 2172 1638; x_wconf 86' lang='lat' dir='ltr'>intercalandi</span> <span class='ocrx_word' id='word_1_84' title='bbox 2216 1575 2576 1650; x_wconf 91' lang='lat' dir='ltr'>rationem,</span> 
     </span>
     <span class='ocr_line' id='line_1_12' title="bbox 377 1689 2575 1772; baseline 0 -20"><span class='ocrx_word' id='word_1_85' title='bbox 377 1691 568 1753; x_wconf 92' lang='lat' dir='ltr'>cuius</span> <span class='ocrx_word' id='word_1_86' title='bbox 629 1691 911 1754; x_wconf 90' lang='lat' dir='ltr'>scientia</span> <span class='ocrx_word' id='word_1_87' title='bbox 973 1691 1179 1768; x_wconf 88' lang='lat' dir='ltr'>etiam</span> <span class='ocrx_word' id='word_1_88' title='bbox 1239 1711 1453 1772; x_wconf 91' lang='lat' dir='ltr'>usque</span> <span class='ocrx_word' id='word_1_89' title='bbox 1515 1692 1605 1753; x_wconf 91' lang='lat' dir='ltr'>ad</span> <span class='ocrx_word' id='word_1_90' title='bbox 1668 1691 1718 1753; x_wconf 92' lang='grc' dir='ltr'>Ι.</span> <span class='ocrx_word' id='word_1_91' title='bbox 1784 1689 2145 1753; x_wconf 91' lang='lat' dir='ltr'>Caesarem</span> <span class='ocrx_word' id='word_1_92' title='bbox 2195 1711 2409 1772; x_wconf 90' lang='lat' dir='ltr'>penes</span> <span class='ocrx_word' id='word_1_93' title='bbox 2457 1711 2575 1753; x_wconf 93' lang='lat' dir='ltr'>eos</span> 
     </span>
     <span class='ocr_line' id='line_1_13' title="bbox 378 1805 2580 1888; baseline 0.001 -21"><span class='ocrx_word' id='word_1_94' title='bbox 378 1806 565 1869; x_wconf 92' lang='lat' dir='ltr'>solos</span> <span class='ocrx_word' id='word_1_95' title='bbox 610 1805 813 1870; x_wconf 85' lang='lat' dir='ltr'>fuerit</span> <span class='ocrx_word' id='word_1_96' title='bbox 830 1855 845 1882; x_wconf 89' lang='lat'>,</span> <span class='ocrx_word' id='word_1_97' title='bbox 892 1808 1292 1888; x_wconf 90' lang='lat' dir='ltr'>permissam</span> <span class='ocrx_word' id='word_1_98' title='bbox 1337 1806 1544 1871; x_wconf 81' lang='lat' dir='ltr'>fuisse</span> <span class='ocrx_word' id='word_1_99' title='bbox 1596 1806 1648 1888; x_wconf 85' lang='lat'>¹).</span> <span class='ocrx_word' id='word_1_100' title='bbox 1750 1806 1921 1871; x_wconf 90' lang='lat' dir='ltr'>Cum</span> <span class='ocrx_word' id='word_1_101' title='bbox 1965 1807 2072 1869; x_wconf 92' lang='lat' dir='ltr'>his</span> <span class='ocrx_word' id='word_1_102' title='bbox 2118 1805 2311 1870; x_wconf 90' lang='lat' dir='ltr'>fastis</span> <span class='ocrx_word' id='word_1_103' title='bbox 2359 1808 2580 1870; x_wconf 92' lang='lat' dir='ltr'>calen-</span> 
     </span>
     <span class='ocr_line' id='line_1_14' title="bbox 379 1923 2580 1987; baseline 0 -2"><span class='ocrx_word' id='word_1_104' title='bbox 379 1923 658 1986; x_wconf 89' lang='lat' dir='ltr'>daribus</span> <span class='ocrx_word' id='word_1_105' title='bbox 703 1923 1100 1987; x_wconf 92' lang='lat' dir='ltr'>coniunctos</span> <span class='ocrx_word' id='word_1_106' title='bbox 1129 1923 1334 1987; x_wconf 88' lang='lat' dir='ltr'>fuisse</span> <span class='ocrx_word' id='word_1_107' title='bbox 1365 1923 1579 1987; x_wconf 90' lang='lat' dir='ltr'>fastos</span> <span class='ocrx_word' id='word_1_108' title='bbox 1625 1925 2018 1987; x_wconf 92' lang='lat' dir='ltr'>consulares</span> <span class='ocrx_word' id='word_1_109' title='bbox 2053 1933 2580 1986; x_wconf 84' lang='lat' dir='ltr'>consentaneum</span> 
     </span>
     <span class='ocr_line' id='line_1_15' title="bbox 376 2039 2580 2120; baseline 0 -18"><span class='ocrx_word' id='word_1_110' title='bbox 376 2049 500 2103; x_wconf 90' lang='lat' dir='ltr'>est.</span> <span class='ocrx_word' id='word_1_111' title='bbox 593 2039 688 2102; x_wconf 93' lang='lat' dir='ltr'>Hi</span> <span class='ocrx_word' id='word_1_112' title='bbox 748 2050 978 2103; x_wconf 91' lang='lat' dir='ltr'>autem</span> <span class='ocrx_word' id='word_1_113' title='bbox 1043 2061 1199 2104; x_wconf 94' lang='lat' dir='ltr'>cum</span> <span class='ocrx_word' id='word_1_114' title='bbox 1261 2061 1319 2105; x_wconf 92' lang='lat' dir='ltr'>a.</span> <span class='ocrx_word' id='word_1_115' title='bbox 1386 2062 1516 2120; x_wconf 81' lang='lat'>390</span> <span class='ocrx_word' id='word_1_116' title='bbox 1578 2041 1893 2105; x_wconf 92' lang='lat' dir='ltr'>incendio</span> <span class='ocrx_word' id='word_1_117' title='bbox 1958 2050 2187 2104; x_wconf 91' lang='lat' dir='ltr'>essent</span> <span class='ocrx_word' id='word_1_118' title='bbox 2244 2041 2482 2116; x_wconf 88' lang='lat' dir='ltr'>deleti,</span> <span class='ocrx_word' id='word_1_119' title='bbox 2541 2062 2580 2102; x_wconf 95' lang='lat' dir='ltr'>e</span> 
     </span>
     <span class='ocr_line' id='line_1_16' title="bbox 375 2155 2579 2239; baseline 0 -21"><span class='ocrx_word' id='word_1_120' title='bbox 375 2155 568 2219; x_wconf 82' lang='lat' dir='ltr'>fastis</span> <span class='ocrx_word' id='word_1_121' title='bbox 616 2157 999 2238; x_wconf 90' lang='lat' dir='ltr'>capitolinis</span> <span class='ocrx_word' id='word_1_122' title='bbox 1018 2206 1032 2232; x_wconf 95' lang='lat'>‚</span> <span class='ocrx_word' id='word_1_123' title='bbox 1081 2158 1195 2239; x_wconf 92' lang='lat' dir='ltr'>qui</span> <span class='ocrx_word' id='word_1_124' title='bbox 1241 2167 1642 2238; x_wconf 91' lang='lat' dir='ltr'>supererant</span> <span class='ocrx_word' id='word_1_125' title='bbox 1690 2167 1759 2221; x_wconf 87' lang='lat' dir='ltr'>et</span> <span class='ocrx_word' id='word_1_126' title='bbox 1806 2177 2095 2238; x_wconf 89' lang='lat' dir='ltr'>quorum</span> <span class='ocrx_word' id='word_1_127' title='bbox 2125 2157 2317 2220; x_wconf 85' lang='lat' dir='ltr'>varia</span> <span class='ocrx_word' id='word_1_128' title='bbox 2349 2177 2579 2220; x_wconf 81' lang='lat' dir='ltr'>exem-</span> 
     </span>
     <span class='ocr_line' id='line_1_17' title="bbox 375 2275 2574 2356; baseline 0.001 -21"><span class='ocrx_word' id='word_1_129' title='bbox 375 2275 597 2355; x_wconf 89' lang='lat' dir='ltr'>plaria</span> <span class='ocrx_word' id='word_1_130' title='bbox 657 2275 863 2344; x_wconf 88' lang='lat' dir='ltr'>etiam</span> <span class='ocrx_word' id='word_1_131' title='bbox 923 2295 1099 2338; x_wconf 92' lang='lat' dir='ltr'>nunc</span> <span class='ocrx_word' id='word_1_132' title='bbox 1166 2275 1426 2356; x_wconf 90' lang='lat' dir='ltr'>aliquot</span> <span class='ocrx_word' id='word_1_133' title='bbox 1481 2275 1680 2339; x_wconf 90' lang='lat' dir='ltr'>nobis</span> <span class='ocrx_word' id='word_1_134' title='bbox 1726 2284 2001 2356; x_wconf 91' lang='lat' dir='ltr'>praesto</span> <span class='ocrx_word' id='word_1_135' title='bbox 2048 2284 2204 2338; x_wconf 91' lang='lat' dir='ltr'>sunt</span> <span class='ocrx_word' id='word_1_136' title='bbox 2220 2323 2235 2349; x_wconf 95' lang='lat'><strong><em>,</em></strong></span> <span class='ocrx_word' id='word_1_137' title='bbox 2282 2275 2574 2338; x_wconf 91' lang='lat' dir='ltr'>restituti</span> 
     </span>
     <span class='ocr_line' id='line_1_18' title="bbox 376 2383 2580 2472; baseline -0 -18"><span class='ocrx_word' id='word_1_138' title='bbox 376 2412 531 2454; x_wconf 93' lang='lat' dir='ltr'>esse</span> <span class='ocrx_word' id='word_1_139' title='bbox 580 2391 910 2454; x_wconf 87' lang='lat' dir='ltr'>videntur.</span> <span class='ocrx_word' id='word_1_140' title='bbox 989 2391 1069 2454; x_wconf 89' lang='lat' dir='ltr'>In</span> <span class='ocrx_word' id='word_1_141' title='bbox 1116 2412 1546 2455; x_wconf 92' lang='lat' dir='ltr'>communem</span> <span class='ocrx_word' id='word_1_142' title='bbox 1593 2383 1790 2454; x_wconf 87' lang='lat' dir='ltr'>usum</span> <span class='ocrx_word' id='word_1_143' title='bbox 1836 2400 2066 2453; x_wconf 89' lang='lat' dir='ltr'>autem</span> <span class='ocrx_word' id='word_1_144' title='bbox 2111 2392 2248 2453; x_wconf 92' lang='lat' dir='ltr'>iam</span> <span class='ocrx_word' id='word_1_145' title='bbox 2297 2391 2580 2472; x_wconf 91' lang='lat' dir='ltr'>antiqui-</span> 
     </span>
     <span class='ocr_line' id='line_1_19' title="bbox 379 2482 2577 2589; baseline -0 -20"><span class='ocrx_word' id='word_1_146' title='bbox 379 2516 488 2569; x_wconf 93' lang='lat' dir='ltr'>tus</span> <span class='ocrx_word' id='word_1_147' title='bbox 563 2506 719 2589; x_wconf 87' lang='lat' dir='ltr'>fasti</span> <span class='ocrx_word' id='word_1_148' title='bbox 754 2482 758 2486; x_wconf 19' lang='grc' dir='ltr'>ι</span> <span class='ocrx_word' id='word_1_149' title='bbox 795 2527 837 2568; x_wconf 91' lang='lat' dir='ltr'>a</span> <span class='ocrx_word' id='word_1_150' title='bbox 910 2506 1344 2589; x_wconf 92' lang='lat' dir='ltr'>pontificibus</span> <span class='ocrx_word' id='word_1_151' title='bbox 1419 2508 1696 2589; x_wconf 92' lang='lat' dir='ltr'>publice</span> <span class='ocrx_word' id='word_1_152' title='bbox 1775 2507 2071 2588; x_wconf 81' lang='lat' dir='ltr'>expositi</span> <span class='ocrx_word' id='word_1_153' title='bbox 2149 2516 2305 2569; x_wconf 91' lang='lat' dir='ltr'>sunt</span> <span class='ocrx_word' id='word_1_154' title='bbox 2330 2555 2343 2581; x_wconf 94' lang='lat'>‚</span> <span class='ocrx_word' id='word_1_155' title='bbox 2423 2526 2577 2569; x_wconf 92' lang='lat' dir='ltr'>cum</span> 
     </span>
     <span class='ocr_line' id='line_1_20' title="bbox 381 2623 2576 2705; baseline -0 -19"><span class='ocrx_word' id='word_1_156' title='bbox 381 2624 772 2705; x_wconf 87' lang='lat' dir='ltr'>cognitione</span> <span class='ocrx_word' id='word_1_157' title='bbox 840 2625 1082 2687; x_wconf 91' lang='lat' dir='ltr'>horum</span> <span class='ocrx_word' id='word_1_158' title='bbox 1147 2623 1475 2687; x_wconf 88' lang='lat' dir='ltr'>fastorum</span> <span class='ocrx_word' id='word_1_159' title='bbox 1536 2633 2035 2686; x_wconf 89' lang='lat' dir='ltr'>menstruorum</span> <span class='ocrx_word' id='word_1_160' title='bbox 2098 2623 2576 2705; x_wconf 91' lang='lat' dir='ltr'>(calendarium</span> 
     </span>
     <span class='ocr_line' id='line_1_21' title="bbox 381 2739 2580 2822; baseline -0 -21"><span class='ocrx_word' id='word_1_161' title='bbox 381 2740 917 2822; x_wconf 85' lang='lat' dir='ltr'>hemerologiae)</span> <span class='ocrx_word' id='word_1_162' title='bbox 966 2750 1036 2803; x_wconf 93' lang='lat' dir='ltr'>et</span> <span class='ocrx_word' id='word_1_163' title='bbox 1083 2759 1459 2802; x_wconf 90' lang='lat' dir='ltr'>annuorum</span> <span class='ocrx_word' id='word_1_164' title='bbox 1505 2739 2003 2822; x_wconf 89' lang='lat' dir='ltr'>(consularium)</span> <span class='ocrx_word' id='word_1_165' title='bbox 2059 2740 2226 2802; x_wconf 91' lang='lat' dir='ltr'>ordo</span> <span class='ocrx_word' id='word_1_166' title='bbox 2270 2739 2580 2820; x_wconf 90' lang='lat' dir='ltr'>ratioque</span> 
     </span>
     <span class='ocr_line' id='line_1_22' title="bbox 380 2856 2577 2931; baseline -0 -14"><span class='ocrx_word' id='word_1_167' title='bbox 380 2856 567 2918; x_wconf 89' lang='lat' dir='ltr'>vitae</span> <span class='ocrx_word' id='word_1_168' title='bbox 644 2856 890 2919; x_wconf 89' lang='lat' dir='ltr'>civium</span> <span class='ocrx_word' id='word_1_169' title='bbox 909 2906 924 2931; x_wconf 91' lang='lat'>‚</span> <span class='ocrx_word' id='word_1_170' title='bbox 1000 2856 1162 2919; x_wconf 91' lang='lat' dir='ltr'>iuris</span> <span class='ocrx_word' id='word_1_171' title='bbox 1177 2903 1194 2929; x_wconf 90' lang='lat'>‚</span> <span class='ocrx_word' id='word_1_172' title='bbox 1273 2856 1663 2918; x_wconf 89' lang='lat' dir='ltr'>commercii</span> <span class='ocrx_word' id='word_1_173' title='bbox 1735 2865 1883 2918; x_wconf 91' lang='lat' dir='ltr'>tota</span> <span class='ocrx_word' id='word_1_174' title='bbox 1950 2856 2423 2918; x_wconf 88' lang='lat' dir='ltr'>contineretur.</span> <span class='ocrx_word' id='word_1_175' title='bbox 2493 2891 2577 2899; x_wconf 96' lang='lat'>—</span> 
     </span>
     <span class='ocr_line' id='line_1_23' title="bbox 380 2970 2582 3054; baseline -0 -21"><span class='ocrx_word' id='word_1_176' title='bbox 380 2971 756 3034; x_wconf 89' lang='lat' dir='ltr'>Habebant</span> <span class='ocrx_word' id='word_1_177' title='bbox 830 2972 1039 3054; x_wconf 85' lang='lat' dir='ltr'>igitur</span> <span class='ocrx_word' id='word_1_178' title='bbox 1106 2970 1464 3053; x_wconf 90' lang='lat' dir='ltr'>pontifices</span> <span class='ocrx_word' id='word_1_179' title='bbox 1534 2981 1976 3053; x_wconf 90' lang='lat' dir='ltr'>conspectum</span> <span class='ocrx_word' id='word_1_180' title='bbox 2050 2971 2403 3035; x_wconf 92' lang='lat' dir='ltr'>consulum</span> <span class='ocrx_word' id='word_1_181' title='bbox 2465 2971 2582 3051; x_wconf 89' lang='lat' dir='ltr'>qui</span> 
     </span>
     <span class='ocr_line' id='line_1_24' title="bbox 382 3087 2582 3170; baseline -0.001 -20"><span class='ocrx_word' id='word_1_182' title='bbox 382 3088 549 3150; x_wconf 92' lang='lat' dir='ltr'>olim</span> <span class='ocrx_word' id='word_1_183' title='bbox 610 3088 678 3150; x_wconf 92' lang='lat' dir='ltr'>in</span> <span class='ocrx_word' id='word_1_184' title='bbox 739 3087 1078 3169; x_wconf 88' lang='lat' dir='ltr'>Capitolio</span> <span class='ocrx_word' id='word_1_185' title='bbox 1141 3089 1401 3151; x_wconf 87' lang='lat' dir='ltr'>servari</span> <span class='ocrx_word' id='word_1_186' title='bbox 1447 3098 1733 3170; x_wconf 90' lang='lat' dir='ltr'>coeptus</span> <span class='ocrx_word' id='word_1_187' title='bbox 1782 3098 1961 3163; x_wconf 91' lang='lat' dir='ltr'>erat;</span> <span class='ocrx_word' id='word_1_188' title='bbox 2009 3089 2189 3150; x_wconf 92' lang='lat' dir='ltr'>hunc</span> <span class='ocrx_word' id='word_1_189' title='bbox 2235 3087 2370 3149; x_wconf 91' lang='lat' dir='ltr'>iam</span> <span class='ocrx_word' id='word_1_190' title='bbox 2416 3087 2582 3149; x_wconf 89' lang='lat' dir='ltr'>anti-</span> 
     </span>
     <span class='ocr_line' id='line_1_25' title="bbox 380 3203 2581 3286; baseline -0.001 -20"><span class='ocrx_word' id='word_1_191' title='bbox 380 3204 609 3285; x_wconf 91' lang='lat' dir='ltr'>quitus</span> <span class='ocrx_word' id='word_1_192' title='bbox 677 3204 1002 3266; x_wconf 89' lang='lat' dir='ltr'>brevibus</span> <span class='ocrx_word' id='word_1_193' title='bbox 1063 3204 1613 3267; x_wconf 90' lang='lat' dir='ltr'>adnotationibus</span> <span class='ocrx_word' id='word_1_194' title='bbox 1676 3206 1766 3267; x_wconf 90' lang='lat' dir='ltr'>ad</span> <span class='ocrx_word' id='word_1_195' title='bbox 1828 3205 2136 3286; x_wconf 80' lang='lat' dir='ltr'>singulos</span> <span class='ocrx_word' id='word_1_196' title='bbox 2193 3222 2406 3265; x_wconf 92' lang='lat' dir='ltr'>annos</span> <span class='ocrx_word' id='word_1_197' title='bbox 2466 3203 2581 3264; x_wconf 89' lang='lat' dir='ltr'>ad-</span> 
     </span>
     <span class='ocr_line' id='line_1_26' title="bbox 380 3319 2580 3401; baseline -0.001 -19"><span class='ocrx_word' id='word_1_198' title='bbox 380 3320 651 3401; x_wconf 89' lang='lat' dir='ltr'>scriptis</span> <span class='ocrx_word' id='word_1_199' title='bbox 712 3320 1170 3383; x_wconf 82' lang='lat' dir='ltr'>instruxerant</span> <span class='ocrx_word' id='word_1_200' title='bbox 1215 3329 1530 3383; x_wconf 89' lang='lat' dir='ltr'>auctores</span> <span class='ocrx_word' id='word_1_201' title='bbox 1569 3319 1644 3401; x_wconf 83' lang='lat'>2);</span> <span class='ocrx_word' id='word_1_202' title='bbox 1692 3321 1825 3383; x_wconf 92' lang='lat' dir='ltr'>hoc</span> <span class='ocrx_word' id='word_1_203' title='bbox 1871 3321 2078 3382; x_wconf 91' lang='lat' dir='ltr'>modo</span> <span class='ocrx_word' id='word_1_204' title='bbox 2099 3368 2112 3393; x_wconf 92' lang='lat'>,</span> <span class='ocrx_word' id='word_1_205' title='bbox 2159 3328 2235 3382; x_wconf 94' lang='lat' dir='ltr'>ut</span> <span class='ocrx_word' id='word_1_206' title='bbox 2281 3319 2552 3381; x_wconf 85' lang='lat' dir='ltr'>videtur</span> <span class='ocrx_word' id='word_1_207' title='bbox 2566 3367 2580 3393; x_wconf 93' lang='lat'>‚</span> 
     </span>
     <span class='ocr_line' id='line_1_27' title="bbox 383 3433 2583 3517; baseline -0.002 -19"><span class='ocrx_word' id='word_1_208' title='bbox 383 3436 689 3517; x_wconf 85' lang='lat' dir='ltr'>cognitio</span> <span class='ocrx_word' id='word_1_209' title='bbox 765 3435 947 3497; x_wconf 93' lang='lat' dir='ltr'>illius</span> <span class='ocrx_word' id='word_1_210' title='bbox 1022 3435 1184 3497; x_wconf 92' lang='lat' dir='ltr'>solis</span> <span class='ocrx_word' id='word_1_211' title='bbox 1263 3434 1664 3498; x_wconf 89' lang='lat' dir='ltr'>defectionis</span> <span class='ocrx_word' id='word_1_212' title='bbox 1735 3436 1894 3497; x_wconf 91' lang='lat' dir='ltr'>anni</span> <span class='ocrx_word' id='word_1_213' title='bbox 1968 3456 2099 3513; x_wconf 89' lang='lat' dir='ltr'>4oo</span> <span class='ocrx_word' id='word_1_214' title='bbox 2167 3434 2235 3496; x_wconf 90' lang='lat' dir='ltr'>in</span> <span class='ocrx_word' id='word_1_215' title='bbox 2305 3433 2583 3496; x_wconf 90' lang='lat' dir='ltr'>annales</span> 
     </span>
     <span class='ocr_line' id='line_1_28' title="bbox 379 3549 2581 3633; baseline -0.002 -17"><span class='ocrx_word' id='word_1_216' title='bbox 379 3552 720 3617; x_wconf 80' lang='lat' dir='ltr'>maximos</span> <span class='ocrx_word' id='word_1_217' title='bbox 793 3552 1187 3633; x_wconf 89' lang='lat' dir='ltr'>pervenisse</span> <span class='ocrx_word' id='word_1_218' title='bbox 1264 3552 1550 3615; x_wconf 85' lang='lat' dir='ltr'>videtur.</span> <span class='ocrx_word' id='word_1_219' title='bbox 1654 3551 1901 3615; x_wconf 91' lang='lat' dir='ltr'>Paullo</span> <span class='ocrx_word' id='word_1_220' title='bbox 1977 3560 2137 3632; x_wconf 87' lang='lat' dir='ltr'>post</span> <span class='ocrx_word' id='word_1_221' title='bbox 2213 3551 2303 3612; x_wconf 91' lang='lat' dir='ltr'>ad</span> <span class='ocrx_word' id='word_1_222' title='bbox 2372 3549 2581 3612; x_wconf 85' lang='lat' dir='ltr'>fastos</span> 
     </span>
    </p>
   </div>
   <div class='ocr_carea' id='block_1_3' title="bbox 396 3705 761 3712">
    <p class='ocr_par' dir='ltr' id='par_1_4' title="bbox 396 3705 761 3712">
     <span class='ocr_line' id='line_1_29' title="bbox 396 3705 761 3712; baseline 0 1372"><span class='ocrx_word' id='word_1_223' title='bbox 396 3705 761 3712; x_wconf 95' lang='lat' dir='ltr'> </span> 
     </span>
    </p>
   </div>
   <div class='ocr_carea' id='block_1_4' title="bbox 376 3783 2591 4457">
    <p class='ocr_par' dir='ltr' id='par_1_5' title="bbox 376 3783 2591 4161">
     <span class='ocr_line' id='line_1_30' title="bbox 478 3783 2588 3866; baseline -0 -23"><span class='ocrx_word' id='word_1_224' title='bbox 478 3784 518 3866; x_wconf 82' lang='lat'>¹)</span> <span class='ocrx_word' id='word_1_225' title='bbox 574 3787 712 3845; x_wconf 91' lang='lat' dir='ltr'>Hac</span> <span class='ocrx_word' id='word_1_226' title='bbox 772 3784 1001 3845; x_wconf 87' lang='lat' dir='ltr'>ratione</span> <span class='ocrx_word' id='word_1_227' title='bbox 1055 3787 1229 3846; x_wconf 89' lang='lat' dir='ltr'>Peter</span> <span class='ocrx_word' id='word_1_228' title='bbox 1286 3784 1470 3866; x_wconf 89' lang='lat' dir='ltr'>(Hist.</span> <span class='ocrx_word' id='word_1_229' title='bbox 1529 3788 1604 3844; x_wconf 88' lang='lat' dir='ltr'>R.</span> <span class='ocrx_word' id='word_1_230' title='bbox 1656 3786 1732 3844; x_wconf 92' lang='lat' dir='ltr'>R.</span> <span class='ocrx_word' id='word_1_231' title='bbox 1776 3805 1838 3862; x_wconf 92' lang='lat' dir='ltr'>p.</span> <span class='ocrx_word' id='word_1_232' title='bbox 1881 3783 2053 3866; x_wconf 87' lang='lat' dir='ltr'>VIII)</span> <span class='ocrx_word' id='word_1_233' title='bbox 2094 3786 2408 3844; x_wconf 80' lang='lat' dir='ltr'>confirmat</span> <span class='ocrx_word' id='word_1_234' title='bbox 2450 3803 2588 3843; x_wconf 90' lang='lat' dir='ltr'>con-</span> 
     </span>
     <span class='ocr_line' id='line_1_31' title="bbox 378 3881 2590 3965; baseline -0.001 -22"><span class='ocrx_word' id='word_1_235' title='bbox 378 3885 637 3944; x_wconf 88' lang='lat' dir='ltr'>iecturas</span> <span class='ocrx_word' id='word_1_236' title='bbox 694 3884 1074 3944; x_wconf 90' lang='lat' dir='ltr'>Mommsenii</span> <span class='ocrx_word' id='word_1_237' title='bbox 1117 3883 1218 3965; x_wconf 91' lang='lat' dir='ltr'>(R.</span> <span class='ocrx_word' id='word_1_238' title='bbox 1262 3886 1484 3944; x_wconf 92' lang='lat' dir='ltr'>Chron.</span> <span class='ocrx_word' id='word_1_239' title='bbox 1529 3905 1588 3961; x_wconf 88' lang='lat' dir='ltr'>p.</span> <span class='ocrx_word' id='word_1_240' title='bbox 1639 3887 1752 3943; x_wconf 83' lang='lat'>106</span> <span class='ocrx_word' id='word_1_241' title='bbox 1796 3894 1856 3944; x_wconf 89' lang='lat' dir='ltr'>et</span> <span class='ocrx_word' id='word_1_242' title='bbox 1902 3881 2043 3964; x_wconf 89' lang='lat'><strong>209)</strong></span> <span class='ocrx_word' id='word_1_243' title='bbox 2064 3929 2078 3957; x_wconf 89' lang='lat'><strong>,</strong></span> <span class='ocrx_word' id='word_1_244' title='bbox 2124 3902 2273 3960; x_wconf 89' lang='lat' dir='ltr'>quas</span> <span class='ocrx_word' id='word_1_245' title='bbox 2315 3882 2590 3960; x_wconf 89' lang='lat' dir='ltr'>probavit</span> 
     </span>
     <span class='ocr_line' id='line_1_32' title="bbox 385 3979 2591 4061; baseline -0.001 -19"><span class='ocrx_word' id='word_1_246' title='bbox 385 3984 678 4043; x_wconf 89' lang='lat' dir='ltr'>Huebner</span> <span class='ocrx_word' id='word_1_247' title='bbox 742 3983 861 4061; x_wconf 89' lang='lat' dir='ltr'>(die</span> <span class='ocrx_word' id='word_1_248' title='bbox 926 4002 1062 4042; x_wconf 89' lang='lat' dir='ltr'>ann.</span> <span class='ocrx_word' id='word_1_249' title='bbox 1126 4002 1285 4042; x_wconf 87' lang='lat' dir='ltr'>max.</span> <span class='ocrx_word' id='word_1_250' title='bbox 1350 3983 1456 4042; x_wconf 89' lang='lat' dir='ltr'>der</span> <span class='ocrx_word' id='word_1_251' title='bbox 1518 3985 1698 4043; x_wconf 79' lang='lat' dir='ltr'>Rom.</span> <span class='ocrx_word' id='word_1_252' title='bbox 1754 3983 1938 4059; x_wconf 89' lang='lat' dir='ltr'>Jahns</span> <span class='ocrx_word' id='word_1_253' title='bbox 1993 3982 2195 4057; x_wconf 86' lang='lat' dir='ltr'>Jahrb.</span> <span class='ocrx_word' id='word_1_254' title='bbox 2256 4000 2349 4060; x_wconf 91' lang='lat'>79.</span> <span class='ocrx_word' id='word_1_255' title='bbox 2412 3982 2484 4039; x_wconf 91' lang='lat'>18</span> <span class='ocrx_word' id='word_1_256' title='bbox 2491 3979 2591 4061; x_wconf 88' lang='lat'>59)</span> 
     </span>
     <span class='ocr_line' id='line_1_33' title="bbox 376 4103 1408 4161; baseline -0.005 -18"><span class='ocrx_word' id='word_1_257' title='bbox 376 4104 440 4161; x_wconf 93' lang='lat' dir='ltr'>p.</span> <span class='ocrx_word' id='word_1_258' title='bbox 487 4103 621 4156; x_wconf 92' lang='lat'>410.</span> <span class='ocrx_word' id='word_1_259' title='bbox 1402 4154 1408 4161; x_wconf 35' lang='lat'><strong>·</strong></span> 
     </span>
    </p>

    <p class='ocr_par' dir='ltr' id='par_1_6' title="bbox 385 4177 2590 4457">
     <span class='ocr_line' id='line_1_34' title="bbox 471 4177 2590 4262; baseline -0 -23"><span class='ocrx_word' id='word_1_260' title='bbox 471 4180 521 4262; x_wconf 81' lang='grc'>2)</span> <span class='ocrx_word' id='word_1_261' title='bbox 564 4182 903 4241; x_wconf 88' lang='lat' dir='ltr'>Mommsen</span> <span class='ocrx_word' id='word_1_262' title='bbox 944 4183 1021 4241; x_wconf 91' lang='lat' dir='ltr'>R.</span> <span class='ocrx_word' id='word_1_263' title='bbox 1067 4181 1285 4241; x_wconf 91' lang='lat' dir='ltr'>Gesch.</span> <span class='ocrx_word' id='word_1_264' title='bbox 1331 4202 1389 4258; x_wconf 94' lang='lat' dir='ltr'>p.</span> <span class='ocrx_word' id='word_1_265' title='bbox 1436 4183 1547 4253; x_wconf 92' lang='lat'>461</span> <span class='ocrx_word' id='word_1_266' title='bbox 1598 4179 1717 4260; x_wconf 84' lang='lat' dir='ltr'>(ed.</span> <span class='ocrx_word' id='word_1_267' title='bbox 1762 4177 1895 4258; x_wconf 92' lang='lat' dir='ltr'>VI.)</span> <span class='ocrx_word' id='word_1_268' title='bbox 1923 4180 2092 4238; x_wconf 85' lang='lat' dir='ltr'>affert</span> <span class='ocrx_word' id='word_1_269' title='bbox 2120 4179 2373 4256; x_wconf 89' lang='lat' dir='ltr'>exempli</span> <span class='ocrx_word' id='word_1_270' title='bbox 2401 4178 2590 4257; x_wconf 88' lang='lat' dir='ltr'>gratia</span> 
     </span>
     <span class='ocr_line' id='line_1_35' title="bbox 385 4276 2588 4360; baseline 0.001 -22"><span class='ocrx_word' id='word_1_271' title='bbox 385 4280 621 4339; x_wconf 88' lang='lat' dir='ltr'>tabulas</span> <span class='ocrx_word' id='word_1_272' title='bbox 663 4280 970 4356; x_wconf 84' lang='lat' dir='ltr'>paschales</span> <span class='ocrx_word' id='word_1_273' title='bbox 1013 4278 1423 4360; x_wconf 82' lang='lat' dir='ltr'>(Ostertafeln)</span> <span class='ocrx_word' id='word_1_274' title='bbox 1439 4324 1453 4352; x_wconf 89' lang='lat'><strong>,</strong></span> <span class='ocrx_word' id='word_1_275' title='bbox 1497 4298 1530 4338; x_wconf 88' lang='lat' dir='ltr'>e</span> <span class='ocrx_word' id='word_1_276' title='bbox 1574 4277 1787 4355; x_wconf 88' lang='lat' dir='ltr'>quibus</span> <span class='ocrx_word' id='word_1_277' title='bbox 1828 4276 1962 4337; x_wconf 89' lang='lat' dir='ltr'>libri</span> <span class='ocrx_word' id='word_1_278' title='bbox 1992 4279 2232 4337; x_wconf 86' lang='lat' dir='ltr'>annales</span> <span class='ocrx_word' id='word_1_279' title='bbox 2261 4277 2438 4341; x_wconf 85' lang='lat' dir='ltr'>medii</span> <span class='ocrx_word' id='word_1_280' title='bbox 2459 4278 2588 4341; x_wconf 87' lang='lat' dir='ltr'>aevi</span> 
     </span>
     <span class='ocr_line' id='line_1_36' title="bbox 385 4380 818 4457; baseline -0.005 -18"><span class='ocrx_word' id='word_1_281' title='bbox 385 4380 818 4457; x_wconf 88' lang='lat' dir='ltr'>profluxerunt.</span> 
     </span>
    </p>
   </div>
  </div>
 </body>
</html>
