3375 5084
1437 354 1553 410 199

404 531 614 586 extat.
685 522 827 588 Sed
873 534 946 587 ut
991 545 1195 606 supra
1241 526 1563 607 exposui,
1609 526 1766 588 ideo
1812 527 2067 607 optime
2114 528 2201 589 de
2232 528 2362 590 hac
2390 539 2586 609 parte

405 658 627 701 rerum
687 659 1115 703 romanarum
1176 642 1452 704 meritus
1515 650 1618 704 est
1634 690 1648 717 ‚
1709 643 1892 723 quod
1951 643 2037 705 de
2084 642 2342 724 aliquot
2384 645 2590 707 rebus

402 774 653 816 novam
694 755 980 818 instituit
1025 755 1521 837 inquisitionem
1534 805 1548 832 ‚
1598 766 1668 820 et
1715 761 1870 821 cum
1914 777 1997 820 eo
2045 767 2325 821 auctore
2366 779 2583 823 novos

402 869 624 933 fontes
686 872 1083 952 composuit.
1174 872 1414 954 Itaque
1474 882 1748 955 praeter
1804 873 2154 936 foederum
2200 875 2472 937 tabulas
2517 876 2587 938 in

404 984 742 1067 Capitolio
799 987 1131 1063 condita5‚
1180 996 1251 1050 et
1295 988 1801 1069 inscriptionem
1846 988 2278 1052 Lacinianam
2324 990 2451 1053 hos
2496 992 2583 1054 de

401 1102 590 1164 bello
635 1102 1089 1166 Hannibalico
1136 1113 1448 1167 auctores
1480 1105 1850 1167 consuluit:
1901 1102 2208 1170 Silenum
2221 1154 2235 1180 ,
2263 1103 2557 1172 Sosilum
2572 1155 2586 1182 ‚

410 1218 757 1282 Chaerean
772 1268 787 1294 ‚
858 1224 1192 1282 auctorem
1265 1220 1559 1302 aliquem
1628 1220 2260 1305 Carthaginiensem
2323 1223 2589 1305 (nempe

402 1344 751 1398 auctorem
814 1335 968 1398 dico
1031 1336 1146 1417 qui
1204 1356 1341 1399 non
1385 1336 1745 1400 Romanus
1789 1356 1899 1400 res
1946 1358 1985 1400 e
2031 1347 2259 1401 mente
2309 1338 2585 1402 Cartha-

402 1452 807 1534 giniensium
898 1452 1327 1534 exposuerit3
1418 1454 1532 1516 vel
1620 1473 1846 1516 rerum
1932 1453 2591 1538 Carthaginiensium

399 1567 706 1649 pleniore
770 1568 1160 1651 cognitione
1221 1568 1583 1631 instructus
1644 1567 1898 1650 fuerit),
1958 1567 2248 1632 Fabium
2265 1618 2280 1644 ‚
2318 1567 2589 1652 fontem

362 1704 607 1765 ‘quem
668 1703 823 1747 cum
883 1683 1080 1746 Livio
1139 1703 1551 1747 communem
1605 1683 1817 1747 habet
1834 1732 1849 1758 ,
1896 1685 2187 1767 denique
2234 1683 2587 1769 scriptores

395 1799 749 1862 minimum
806 1801 976 1862 duos
1030 1799 1375 1863 annalium
1433 1799 1776 1863 Romanos
1821 1819 2108 1882 quorum
2154 1801 2420 1864 etiamsi
2462 1821 2582 1864 no-

395 1906 584 1969 mina
644 1906 886 1989 ignota
929 1916 1085 1970 sunt
1101 1956 1116 1982 ‚
1164 1908 1423 1989 aliquot
1467 1908 1763 1990 vestigia
1809 1926 2013 1989 supra
2057 1907 2450 1971 invenimus
2499 1945 2582 1955 —

394 2022 511 2085 De
568 2023 770 2086 bellis
831 2023 900 2085 in
959 2022 1292 2104 Hispania
1353 2033 1423 2087 et
1476 2024 1546 2086 in
1589 2023 1828 2087 Africa
1873 2045 1915 2086 a
1961 2022 2283 2105 Scipione
2329 2024 2585 2087 maiore

398 2138 616 2222 gestis
676 2139 818 2202 fere
879 2149 1152 2203 secutus
1213 2149 1318 2203 est
1377 2139 1634 2203 fontem
1698 2160 1898 2222 quem
1959 2159 2112 2203 cum
2157 2139 2355 2203 Livio
2403 2160 2582 2203 com-

398 2275 604 2317 mune
649 2255 859 2319 habet
874 2305 889 2331 ‚
934 2265 1209 2339 praeter
1255 2276 1410 2318 eum
1456 2256 1792 2319 consuluit
1837 2253 2178 2339 epistolam
2218 2254 2550 2340 &imonis
2565 2306 2580 2332 ‚

398 2390 537 2452 qua
581 2370 637 2433 is
683 2370 966 2433 consilia
1009 2391 1133 2434 sua
1178 2372 1265 2433 de
1310 2370 1496 2433 bello
1542 2371 1612 2433 in
1655 2370 1988 2452 Hispania
2033 2373 2338 2454 gerendo
2371 2392 2582 2454 expo-

398 2495 657 2560 suerat;
729 2486 934 2548 etiam
1003 2486 1175 2549 alios
1242 2494 1554 2549 auctores
1608 2484 1939 2579 ‘indicavit
2004 2486 2386 2549 nominibus
2446 2507 2582 2549 non

399 2602 647 2665 additis
707 2601 820 2685 (X.
884 2621 939 2665 c.
1007 2624 1045 2681 9
1102 2607 1134 2679 5
1186 2623 1256 2664 2:
1311 2606 1412 2677 „ot‘
1458 2601 1888 2685 συγγραφεῖς).
1937 2639 2019 2646 ——
2067 2601 2330 2665 Eodem
2375 2604 2580 2665 modo

397 2718 487 2780 de
562 2717 983 2800 Hieronymo
1052 2715 1325 2783 Siciliae
1399 2738 1568 2802 rege
1637 2719 1896 2801 aliquot
1963 2718 2201 2781 habuit
2268 2727 2582 2782 auctores

396 2834 596 2896 nobis
665 2834 938 2917 ignotos
1006 2833 1179 2917 (VII.
1248 2854 1302 2897 e.
1377 2854 1409 2915 7
1476 2840 1507 2912 5
1578 2856 1687 2896 11:
1751 2835 2104 2912 τινὲςτῶν
2156 2834 2578 2919 λογογράφων

394 2955 529 3017 τῶν
598 2950 759 3031 ὑπὲρ
820 2956 931 3031 τῆς
995 2958 1440 3033 καταστροφῆς
1504 2961 1618 3016 τοῦ
1679 2949 2072 3031 Ἱερωνύμου
2120 2949 2579 3032 γεγραφότων).

486 3066 595 3129 De
654 3066 860 3130 initiis
920 3066 1213 3129 foederis
1272 3066 1563 3130 Achaici
1622 3065 1921 3130 Aratum
1937 3115 1954 3141 ,
2001 3068 2087 3129 de
2131 3068 2336 3129 rebus
2382 3066 2579 3130 Cleo-

398 3182 614 3245 menis
658 3181 1121 3267 Plzylarchum
1167 3183 1491 3246 adhibuit.
1560 3183 1938 3252 ,Annorum
1993 3204 2069 3245 22
2087 3206 2241 3245 1—-1
2260 3203 2340 3263 79
2388 3183 2581 3266 (mor-

399 3307 541 3361 tem
592 3296 914 3380 Philippi)
959 3297 1180 3361 fontes
1223 3318 1465 3380 parum
1509 3298 1708 3361 nobis
1752 3300 1896 3362 noti
1940 3308 2111 3362 sunt.
2202 3299 2378 3362 Nam
2424 3319 2579 3362 cum

397 3414 615 3476 multa
659 3414 729 3476 in
772 3414 901 3478 hac
947 3423 1143 3496 parte
1191 3435 1282 3477 ex
1325 3415 1535 3497 ipsius
1582 3412 1750 3478 libro
1781 3414 1861 3478 de
1886 3413 2025 3479 vita
2048 3413 2579 3499 Philopoemenis

395 3530 743 3593 iteraverit
797 3525 884 3608 ¹),
966 3530 1101 3593 alia
1168 3551 1260 3594 ex
1333 3530 1774 3595 Achaeorum
1841 3532 2176 3595 tabulario
2201 3580 2216 3606 ‚
2287 3531 2422 3594 alia
2489 3551 2580 3593 ex

409 3738 767 3745 .—-—-—-——

493 3871 533 3953 ¹)
572 3872 923 3932 Plutarchus
965 3871 1144 3932 etiam
1183 3871 1272 3931 his
1313 3871 1543 3950 Polybii
1583 3871 1745 3933 libris
1787 3890 1925 3931 usus
1966 3881 2056 3931 est
2094 3870 2157 3930 in
2197 3869 2589 3931 describenda

392 3970 517 4031 vita
577 3969 1051 4049 Philopoemenis
1064 3992 1081 4045 3
1145 3980 1362 4047 partes‘
1408 3990 1481 4030 ex
1535 3969 1606 4030 iis
1661 3980 1927 4048 sumptas
1982 3979 2261 4029 accurate
2308 3968 2586 4048 distingui

396 4079 647 4148 possunt
706 4089 745 4129 a
805 4070 981 4129 rebus
1042 4069 1277 4129 aliunde
1337 4068 1551 4146 petitas
1564 4092 1581 4144 3
1648 4088 1749 4129 eas
1808 4068 2094 4129 indicavit
2153 4068 2364 4128 Nissen
2425 4067 2583 4128 Krit.

393 4172 635 4230 UnterS.
706 4190 763 4246 p.
840 4169 1178 4244 280—287.
1280 4169 1380 4228 Ad
1451 4167 1635 4229 vitam
1697 4166 2172 4245 Philopoemenis
2231 4186 2269 4226 a
2335 4166 2585 4245 Polybio

394 4254 679 4346 scriptam
720 4269 831 4328 hae
874 4276 1070 4345 partes
1111 4266 1486 4327 historiarum
1528 4267 1759 4345 Polybii
1788 4267 2081 4344 pertinere
2108 4265 2250 4325 mihi
2273 4266 2579 4326 videntur:

394 4369 487 4427 II.
539 4386 584 4427 c.
639 4371 712 4444 67
757 4389 873 4444 sq.;
912 4376 1110 4444 partes
1151 4384 1187 4425 a
1226 4365 1453 4444 Philop.
1496 4375 1666 4425 actae
1707 4365 1768 4424 in
1809 4383 2011 4443 pugna
2049 4365 2128 4423 ad
2157 4363 2456 4425 Sellasiam
2476 4411 2491 4440 ‚
2522 4374 2582 4425 et
