3375 5084
1420 338 1502 411 89

366 526 589 603 τρισὶ
655 529 797 603 τῆς
858 531 1123 608 μάχης
1179 526 1530 609 ἡμέραις
1577 527 1930 607 ὕστερον
1983 526 2298 613 κατέσχον
2349 529 2557 609 αὐτὴν

366 646 483 716 τὴν
549 636 817 720 ςΡὼμηυ
870 638 923 720 Ι).
1014 639 1125 703 Ac
1185 641 1475 722 primum
1538 642 1810 724 quidem
1859 643 1979 705 illa
2024 654 2344 707 accurata
2391 655 2561 707 tem-

364 754 548 834 poris
616 753 919 819 definitio
986 756 1190 820 trium
1258 758 1518 820 dierum
1578 769 1737 840 post
1800 759 2004 821 aliam
2065 770 2204 822 tam
2275 780 2529 842 vagam
2548 809 2562 834 ,

360 877 520 949 μετά
566 893 719 935 τινα
770 877 1000 954 χρόνον
1020 920 1035 948 ,
1084 883 1154 936 et
1198 874 1268 937 in
1313 875 1744 957 expositione
1789 885 1930 940 tam
1970 877 2196 952 brevi,
2230 877 2559 952 ostendit,

364 995 714 1048 auctorem
776 987 1049 1070 Polybii
1108 991 1455 1072 aliquanto
1512 992 1900 1071 uberiorem
1944 992 2400 1055 narrationem
2448 994 2562 1056 de-

366 1101 563 1165 disse.
643 1140 725 1148 —
802 1103 1038 1168 Livius
1111 1107 1288 1170 hanc
1358 1107 1555 1171 Fabii
1623 1109 2056 1172 traditionem
2129 1130 2264 1171 non
2332 1110 2523 1172 novit
2551 1157 2568 1183 ‚

363 1226 592 1281 narrat
655 1218 833 1281 enim
894 1222 970 1303 (c.
1036 1242 1119 1301 39
1183 1228 1213 1299 5
1286 1245 1308 1284 1
1381 1222 1546 1304 sqq.)
1600 1220 1842 1287 Gallos
1886 1234 2043 1305 post
2089 1243 2395 1305 pugnam
2443 1223 2562 1286 ali-

366 1335 690 1415 quamdiu
757 1346 1054 1401 moratos
1121 1340 1306 1402 haud
1373 1340 1589 1403 multo
1654 1350 1813 1403 ante
1879 1340 2040 1402 solis
2102 1360 2422 1403 occasum
2482 1342 2572 1403 ad

366 1451 608 1512 urbem
668 1453 1088 1533 pervenisse,
1136 1455 1230 1518 ibi
1276 1465 1463 1520 metu
1508 1456 1901 1519 insidiarum
1949 1466 2107 1519 ante
2154 1466 2388 1538 portas
2432 1477 2569 1520 non

368 1566 638 1629 clausas
713 1578 927 1631 totam
996 1581 1266 1634 noctem
1343 1572 1732 1635 consedisse
1760 1620 1775 1648 ‚
1854 1581 1924 1636 et
1998 1583 2360 1654 postquam
2432 1592 2568 1635 una

364 1682 767 1764 interposita
822 1697 1023 1750 nocte
1076 1707 1118 1749 a
1165 1689 1596 1752 contentione
1640 1710 1921 1772 pugnae
1967 1688 2381 1753 remisissent
2429 1689 2567 1751 ani-

365 1817 548 1873 mos,
609 1782 884 1880 postero
931 1801 1067 1864 iam
1112 1803 1222 1866 die
1269 1805 1509 1866 urbem
1552 1805 1901 1888 ingressos
1949 1825 2099 1868 esse
2146 1806 2224 1887 (c.
2274 1826 2348 1883 41
2406 1810 2437 1881 5
2488 1802 2567 1885 4).

366 1911 512 1977 Sed
553 1914 896 1979 Diodorus
943 1938 1096 1980 eam
1142 1918 1428 1983 fortasse
1473 1922 1750 2003 plenam
1797 1921 2096 1984 servavit
2134 1920 2213 2001 2);
2262 1940 2437 2002 quae
2477 1922 2567 1983 ab

365 2050 451 2093 eo
522 2032 878 2095 traduntur
894 2081 909 2109 ,
980 2033 1311 2117 Polybius
1381 2038 1516 2121 (qui
1584 2038 1807 2120 ipsum
1874 2037 2118 2119 proelii
2188 2037 2369 2099 diem
2432 2056 2570 2098 non

361 2147 766 2229 numeravit)
814 2150 1121 2214 omisisse
1168 2152 1456 2216 videtur.

456 2263 569 2327 De
646 2267 1158 2349 oppugnatione
1238 2267 1591 2333 Gallorum
1659 2269 1802 2332 fere
1871 2269 2039 2332 nihil
2116 2268 2391 2332 tradidit
2458 2267 2535 2330 P.
2553 2316 2568 2343 ,

365 2380 590 2442 solum
653 2381 842 2444 addit
902 2382 1006 2465 (II.
1059 2404 1135 2445 22
1190 2390 1220 2461 5
1272 2386 1331 2466 5)
1380 2383 1618 2449 Gallos
1663 2405 1790 2467 per
1835 2396 2099 2467 septem
2146 2404 2416 2447 menses
2462 2403 2568 2445 ur·

361 2495 529 2556 bem
576 2505 980 2578 occupatam
1025 2498 1338 2563 tenuisse.
1414 2498 1647 2562 Livius
1695 2510 1765 2563 et
1809 2500 2151 2563 Diodorus
2197 2519 2341 2561 rem
2374 2497 2567 2561 omit-

366 2620 538 2674 tunt.
629 2611 821 2675 Duas
869 2614 997 2676 hac
1046 2616 1131 2677 de
1178 2635 1251 2678 re
1301 2615 1608 2679 extitisse
1654 2616 2054 2679 traditiones
2102 2617 2306 2679 docet
2345 2613 2568 2676 Varro

365 2729 454 2790 de
519 2729 561 2791 1.
625 2730 668 2792 l.
735 2734 792 2792 6.
865 2736 974 2807 18,
1037 2732 1152 2813 qui
1212 2734 1299 2795 de
1354 2731 1764 2816 Poplifugiis
1809 2735 1865 2816 (5
1916 2733 2074 2815 Juli)
2122 2752 2336 2815 agens
2390 2751 2565 2808 „non

366 2844 586 2908 multo
635 2845 814 2908 enim
833 2894 847 2921 ‚
896 2847 991 2909 ait
1011 2895 1025 2922 ,
1072 2858 1229 2929 post
1275 2848 1386 2912 hic
1434 2849 1579 2911 dies
1626 2869 1829 2930 quam
1861 2850 2182 2911 decessus
2216 2846 2570 2911 Gallorum

366 2980 459 3022 ex
527 2960 728 3023 urbe''
774 2960 834 3043 ³).
945 2962 1198 3026 Contra
1268 2964 1675 3027 Plutarchus
1746 2963 2029 3048 (Camill.
2093 2962 2203 3044 30)
2264 2972 2569 3025 veterem

364 3076 802 3142 traditionem
887 3090 1160 3144 secutus
1183 3130 1198 3157 ,
1287 3092 1356 3144 et
1423 3090 1690 3163 septem
1757 3081 2103 3143 mensibus
2170 3079 2538 3142 numeratis
2555 3127 2570 3154 ,

461 3382 500 3463 ¹)
557 3386 649 3443 Ex
699 3383 789 3444 his
832 3384 1099 3446 Niebuhr
1140 3385 1344 3467 (Rom.
1389 3386 1605 3446 Gesch.
1652 3388 1731 3445 ΙΙ.
1778 3384 1919 3465 599)
1962 3386 2194 3445 efficere
2238 3403 2334 3443 me
2376 3381 2571 3442 iudice

363 3502 491 3543 non
533 3483 773 3559 debuit,
818 3484 1037 3544 Alliam
1081 3483 1261 3545 tridui
1302 3483 1461 3544 viam
1503 3505 1540 3544 a
1581 3488 1780 3546 Roma
1820 3486 2026 3545 abesse
2046 3530 2060 3559 ,
2095 3482 2398 3544 Diodorus
2419 3480 2577 3542 enim

364 3592 595 3646 rectam
636 3582 1067 3661 interpretandi
1109 3584 1400 3645 rationem
1444 3584 1723 3646 ostendit.

454 3680 505 3761 2)
547 3684 709 3742 XIV.
755 3703 807 3742 e.
858 3700 967 3761 115
997 3692 1026 3756 ἓ
1061 3702 1128 3763 5:
1158 3682 1452 3767 (Ῥωμαῖοι)
1478 3691 1805 3766 ἀναστροφὴν
1837 3688 2043 3765 ἔχοντες
2069 3695 2238 3763 τρεῖς
2266 3690 2578 3761 ἡμέρας...

368 3790 417 3843 οἱ
468 3785 571 3862 ’γὰρ
623 3788 806 3845 Κελτοὶ
854 3788 945 3864 μὲν
992 3792 1198 3865 πρώτην
1253 3792 1448 3865 ἡμέραν
1488 3788 1779 3845 διετέλεσαν
1818 3789 2198 3850 ἀποκόπτοντες
2231 3786 2323 3848 τὰς
2362 3783 2580 3859 κεφαλὰς

370 3895 471 3943 τῶν
519 3887 948 3946 τετελευτηκότων
970 3930 982 3942 .
1006 3928 1020 3943 .
1043 3928 1094 3955 .,
1143 3886 1237 3952 τὰς
1273 3886 1333 3943 δὲ
1370 3887 1466 3943 δύο
1503 3887 1647 3962 παρὰ
1676 3888 1779 3948 ’τὴν
1825 3886 1974 3943 πόλιν
2013 3883 2573 3959 στρατοπεδεύοντες...
2679 3892 2686 3899 ’

370 3995 433 4066 τῇ
480 3988 698 4062 τετάρτῃ
752 3979 1071 4060 δ’ἡμέρᾳ...
1123 3984 1215 4049 τὰς
1262 3986 1427 4049 πύλας
1471 3986 1739 4059 ἐξέκοψαν.
1802 4016 1881 4023 --
1936 3977 2131 4037 Variis
2173 3976 2366 4037 modis
2409 3996 2501 4036 res
2544 3995 2581 4035 a

371 4078 561 4139 Fabio
602 4076 863 4155 primum
905 4077 1159 4138 traditae
1199 4078 1279 4137 ad
1324 4077 1659 4138 Diodorum
1690 4077 1996 4156 pervenire
2027 4085 2369 4155 potuerunt,
2400 4095 2579 4152 quem

375 4178 571 4255 ipsum
636 4196 758 4237 non
817 4176 1069 4237 Fabium
1139 4176 1305 4253 sequi
1375 4179 1561 4238 solere
1603 4187 1817 4237 censet
1871 4176 2113 4236 Nitzsch
2183 4178 2359 4235 Rom.
2417 4177 2609 4234 Ann.'

376 4299 436 4355 p.
459 4299 489 4337 2
501 4281 694 4337 26—2
702 4297 774 4353 32
785 4321 797 4334 .
813 4280 1038 4337 Verum
1052 4298 1214 4338 nunc
1225 4279 1329 4337 cfr.
1346 4279 1702 4352 Mommsen,
1719 4279 1975 4337 Hermes
1989 4278 2155 4336 XIII.
2175 4297 2209 4353 3
2227 4296 2284 4353 p.
2305 4293 2418 4353 305
2439 4295 2568 4355 sqq.

465 4375 515 4457 3)
558 4378 677 4437 Cfr.
721 4378 1090 4452 Mommsen,
1131 4380 1309 4437 Rom.
1355 4379 1574 4437 Chron.
1619 4397 1679 4454 p.
1725 4398 1822 4455 99.
