3375 5084
1850 348 1975 405 224

825 530 1095 583 ornatas
1157 521 1523 583 memoriae
1584 521 2107 595 mandaverunt3
2156 522 2219 583 ei
2266 531 2494 584 autem
2539 520 2805 584 fuerunt
2852 541 3007 583 auc-

822 646 1003 699 tores
1047 636 1242 698 Livio
1287 637 1404 699 ubi
1450 637 1506 700 is
1555 637 1923 719 Polybium
1967 657 2103 700 non
2149 638 2468 718 sequitur.

910 751 991 814 In
1034 753 1115 815 iis
1160 754 1466 834 partibus
1511 754 1925 817 annalisticis
1974 754 2282 817 videmus
2327 754 2726 835 plerumque
2775 773 2883 816 res
2907 754 3012 815 'ita

822 887 972 931 esse
1034 870 1382 950 expositas
1398 918 1413 945 ‚
1484 879 1559 932 ut
1623 878 1860 933 auctor
1919 868 2285 951 diligenter
2327 879 2773 951 persequatur
2817 869 3009 951 quid-

825 984 989 1065 quid
1055 985 1328 1047 Romae
1397 986 1722 1048 acciderit
1788 985 2248 1068 (magistratus
2316 986 2526 1049 creati
2542 1034 2557 1060 ,
2616 985 3010 1068 provinciae

821 1100 1219 1164 distributae
1237 1150 1251 1175 ,
1309 1102 1627 1183 prodigia
1644 1150 1659 1176 ‚
1707 1100 2050 1182 profectus
2097 1102 2452 1164 consulum
2499 1111 2570 1164 et
2612 1111 3008 1182 praetorum

821 1216 890 1277 in
951 1217 1336 1297 provincias
1354 1266 1368 1291 ,
1424 1218 1717 1298 denique
1761 1237 1943 1280 nova
1989 1217 2263 1280 comitia
2307 1227 2378 1280 et
2425 1217 2618 1297 ludi),
2664 1226 2740 1279 ut
2783 1236 2893 1279 res
2939 1217 3013 1278 in

821 1329 1079 1395 Senatu
1154 1343 1351 1396 actae
1419 1353 1744 1416 magnum
1813 1333 1882 1395 in
1949 1334 2030 1396 iis
2099 1334 2326 1396 locum
2398 1333 2748 1397 obtineant
2764 1381 2779 1407 ,
2848 1333 3014 1414 quin

820 1449 1024 1511 etiam
1070 1449 1286 1531 vulgo
1332 1469 1441 1512 res
1485 1450 1554 1512 in
1598 1450 1966 1530 provinciis
2011 1459 2254 1532 gestae
2300 1431 2435 1512 illis
2478 1450 2977 1531 subiungantur
2992 1497 3005 1522 ,

819 1564 964 1627 sive
1008 1566 1214 1647 (quod
1257 1565 1659 1648 plerumque
1705 1564 1801 1647 fit)
1857 1575 2179 1647 tanquam
2224 1565 2590 1628 relationes
2634 1566 2703 1627 in
2749 1562 3016 1628 Senatu

819 1678 1036 1743 factas
1098 1700 1215 1743 eas
1269 1691 1653 1764 proponant
1670 1731 1684 1756 ,
1732 1681 1877 1744 sive
1927 1690 2113 1744 certe
2160 1702 2245 1744 eo
2292 1681 2527 1743 ordine
2574 1689 2643 1743 et
2687 1680 2841 1744 loco
2887 1700 3013 1743 eas

819 1797 1090 1859 tradant
1146 1816 1281 1877 quo
1339 1797 1640 1860 Romam
1686 1807 2016 1881 acceptae
2064 1798 2196 1861 sint
2241 1798 2395 1880 (vid.
2443 1797 2633 1860 locos
2679 1797 3014 1860 collectos

821 1931 863 1973 a
936 1911 1181 1974 Nissen
1198 1961 1211 1986 ,
1280 1911 1549 1975 UnterS.
1617 1933 1682 1994 p.
1756 1918 1837 1976 88
1911 1912 2046 1995 sq.).
2157 1912 2488 1993 Polybius
2560 1921 2786 1974 autem
2854 1931 3016 1973 eam

819 2026 1149 2090 rationem
1210 2047 1346 2089 non
1404 2028 1624 2102 novit3
1686 2029 1745 2090 is
1806 2038 2042 2092 contra
2098 2048 2207 2090 res
2255 2028 2462 2092 etiam
2507 2048 2683 2109 quae
2729 2028 3007 2090 Romae

820 2152 1061 2224 gestae
1129 2155 1286 2207 sunt
1350 2143 1491 2206 fere
1554 2165 1593 2206 e
1655 2144 2041 2226 legatorum
2101 2143 2521 2207 Graecorum
2566 2143 3014 2206 relationibus

821 2260 1119 2341 exponit.
1212 2259 1346 2342 Qui
1391 2261 1479 2323 de
1525 2259 1824 2324 fontibus
1868 2260 2046 2323 Livii
2093 2270 2386 2343 egerunt
2430 2281 2560 2324 v.v.
2608 2261 2735 2335 dd„
2781 2269 3013 2322 osten-

819 2377 1063 2439 derunt
1106 2396 1311 2458 quam
1356 2395 1598 2439 manca
1642 2374 1763 2437 illa
1808 2376 2152 2438 annalium
2194 2376 2669 2438 Romanorum
2703 2373 3011 2456 cognitio

819 2492 1052 2567 fuerin
1098 2493 1270 2556 ratio
1316 2503 1700 2575 temporum
1747 2512 1953 2574 saepe
2000 2493 2304 2566 turbata3
2337 2511 2445 2554 res
2478 2490 2646 2554 belli
2669 2491 3014 2553 interdum

819 2608 992 2673 falso
1054 2619 1297 2672 auctae
1358 2610 1473 2671 vel
1517 2609 1716 2671 nimis
1759 2609 1954 2672 brevi
2000 2609 2354 2672 absolutae
2368 2631 2386 2682 3
2435 2608 2599 2672 situs
2645 2609 3013 2690 regionum

822 2724 1153 2789 Graeciae
1172 2774 1187 2800 ‚
1241 2724 1454 2788 Asiae
1471 2773 1485 2799 ,
1534 2725 1910 2806 Hispaniae
1954 2745 2228 2806 prorsus
2272 2725 2573 2807 ignotus;
2628 2724 2818 2786 nulla
2862 2724 3017 2786 dili-

820 2841 1083 2923 gentia,
1132 2841 1388 2924 exigua
1432 2841 1736 2904 veritatis
1783 2861 1962 2903 cura.
2052 2840 2268 2903 Iidem
2315 2841 2757 2903 ostenderunt
2803 2859 3018 2920 quam

821 2977 1029 3039 saepe
1097 2956 1330 3019 Livius
1400 2976 1633 3019 secum
1691 2966 1954 3038 pugnet
1971 3005 1985 3030 ‚
2050 2976 2205 3019 cum
2267 2956 2431 3017 alibi
2485 2955 2766 3018 annales
2783 3003 2797 3030 ,
2844 2954 3017 3017 alibi

820 3073 1186 3155 Polybium
1232 3083 1556 3154 sequatur
1574 3120 1588 3147 ‚
1635 3073 1754 3154 qui
1799 3071 1940 3135 fere
1989 3093 2259 3154 semper
2287 3073 2463 3135 inter
2492 3092 2568 3135 se
2591 3071 3014 3145 dissentiant3

826 3189 1118 3269 denique
1180 3189 1520 3251 annalium
1566 3190 1931 3270 scriptores
1977 3188 2184 3251 etiam
2229 3188 2298 3249 in
2342 3187 2423 3250 iis
2469 3188 2672 3250 rebus
2691 3235 2705 3262 ,
2752 3188 2822 3249 in
2867 3186 3014 3267 qui-

820 3304 950 3365 bus
1016 3301 1363 3382 aliquanto
1409 3302 1651 3365 melius
1697 3302 2003 3365 instructi
2048 3302 2179 3365 sint
2194 3350 2209 3376 ‚
2255 3302 2325 3366 in
2368 3303 2574 3365 rebus
2620 3301 3016 3364 domesticis

819 3419 1145 3492 romaniS,
1223 3438 1430 3500 saepe
1506 3418 1662 3480 ideo
1738 3416 1872 3481 fide
1941 3438 2181 3500 parum
2250 3418 2496 3500 dignos
2567 3439 2717 3481 esse
2736 3467 2751 3493 ,
2826 3418 3018 3500 quod

820 3534 1044 3598 fontes
1115 3554 1347 3597 earum
1412 3553 1667 3609 rerum,
1732 3535 2011 3597 annales
2070 3534 2383 3608 maximi,
2446 3554 2584 3596 non
2629 3534 2776 3623 sine
2823 3542 3016 3596 certo

820 3652 1117 3732 quodam
1182 3649 1532 3730 proposito
1551 3698 1566 3724 ‚
1637 3670 1679 3711 a
1737 3650 2024 3723 veritate
2086 3650 2310 3712 alieno
2327 3697 2341 3723 ,
2390 3648 2684 3712 confecti
2729 3648 3014 3722 fuerint;

823 3786 907 3828 ea
974 3767 1337 3829 tradebant
1403 3765 1744 3828 annalium
1804 3766 2252 3829 maximorum
2308 3765 2700 3848 scriptoreS‚
2747 3783 2923 3846 quae
2972 3784 3016 3827 a

821 3882 1079 3964 populo
1146 3882 1468 3945 Romano
1537 3891 1607 3944 et
1656 3881 1880 3963 plebe
1950 3883 2136 3945 credi
2202 3882 2463 3945 vellent
2502 3876 2561 3962 1).
2665 3882 2909 3962 Itaque
2973 3901 3015 3942 e

908 4158 955 4239 ¹)
995 4159 1205 4220 Nissen
1245 4164 1485 4222 Unters.
1529 4181 1589 4239 p.
1635 4180 1744 4236 45:
1790 4160 1925 4238 „die
1967 4160 2522 4239 Uebertreibungen
2549 4161 2657 4221 der
2685 4160 3017 4221 annalisten

823 4255 958 4316 sind
1010 4260 1271 4319 bekannt
1284 4283 1301 4335 3
1358 4262 1500 4321 aber
1554 4261 1713 4320 noch
1766 4262 1966 4320 mehr:
2030 4280 2196 4320 wenn
2240 4281 2382 4320 man
2398 4308 2412 4336 ‚
2458 4261 2566 4320 wie
2607 4260 2717 4320 das
2759 4259 2842 4320 im
2880 4261 3016 4320 Fol-

826 4354 1054 4429 genden
1098 4359 1426 4434 geschehen
1469 4359 1577 4419 soll
1616 4357 1713 4418 die
1741 4357 2153 4418 annalistische
2182 4357 2542 4419 Gesehichte
2570 4360 2676 4419 des
2706 4363 2827 4419 ὀΐω
2847 4358 3015 4435 Jahr-
