3375 5084
1402 349 1481 422 87

350 534 581 597 Multis
643 535 814 598 locis
872 536 1036 598 dicit
1083 534 1384 600 Graecos
1430 546 1749 600 auctores
1796 556 2156 619 perperam
2203 538 2289 599 de
2335 538 2538 599 rebus

350 651 681 714 Romanis
743 652 1171 732 exposuisse,
1236 662 1305 715 et
1364 653 1721 716 Timaeum
1783 653 1864 716 iis
1909 652 2139 715 verbis
2184 652 2436 715 indicat
2485 651 2537 734 ¹).

347 767 598 830 Fabius
643 787 752 830 res
798 767 1059 831 sincere
1106 769 1385 832 tradidit
1429 769 1499 852 (Ι.
1555 791 1632 847 14
1680 776 1712 847 ἓ
1758 790 1827 832 2:
1874 774 2182 845 „e‘ndvrocc
2209 772 2537 853 ἐψεῦσθαι

348 886 462 968 οὐχ
517 880 1009 969 ὑπολαμβάνω);
1055 884 1379 948 Timaeus
1426 905 1632 967 saepe
1679 885 1901 948 sciens
1947 885 2239 947 lectores
2286 884 2542 966 decipit

348 999 528 1082 (XII.
600 997 741 1062 12d:
811 996 1132 1083 »ψεύδους
1192 1004 1358 1066 κατὰ
1409 999 1909 1084 προαίρεσίν...
1959 993 2012 1085 ᾧ
2059 1001 2232 1078 γένει
2281 996 2540 1085 μάλιστ’

344 1121 428 1180 ἂν
479 1116 649 1199 εὕροι
698 1140 796 1190 τις
843 1116 1074 1200 ἔνοχον
1124 1118 1322 1183 αὐτὸν
1379 1118 1493 1181 τὸν
1542 1116 1869 1202 Τίμαιον).
1964 1116 2158 1201 Quae
2206 1118 2293 1180 de
2338 1116 2541 1180 bellis

351 1229 635 1296 Gallicis
680 1232 948 1314 scripsit
992 1233 1067 1296 P.
1117 1254 1238 1296 suo
1285 1243 1595 1315 tempore
1643 1235 1826 1315 apud
1857 1235 2216 1297 Romanos
2239 1233 2541 1316 viguisse

265 1408 268 1409 γ
350 1359 420 1412 et
468 1370 506 1412 e
555 1348 743 1412 libris
790 1349 1028 1431 optimi
1073 1350 1419 1432 scriptoris
1467 1351 1612 1414 eius
1659 1352 1902 1414 aetatis
1920 1399 1935 1424 ,
1990 1350 2188 1413 Fabii
2235 1360 2543 1413 coartata

349 1486 499 1528 esse
547 1467 772 1528 credo,
840 1465 1037 1529 Nunc
1085 1486 1427 1548 exponam
1471 1466 1801 1549 numquid
1844 1448 2213 1549 Polybium
2260 1487 2299 1529 e
2321 1466 2539 1529 Fabio
2610 1505 2618 1516 ·

350 1581 656 1645 omisisse
718 1569 1024 1658 credam,
1086 1582 1331 1646 deinde
1393 1603 1736 1665 numquae
1790 1581 1961 1646 fides
2007 1584 2296 1646 aliorum
2341 1582 2543 1646 tradi-

218 1766 224 1775 ,
347 1698 645 1761 tionibus
691 1708 917 1762 restet.

434 1814 766 1896 Polybius
824 1823 1189 1898 antequam
1235 1816 1323 1878 ad
1368 1816 1557 1879 bella
1605 1814 1874 1880 Gallica
1919 1815 2211 1891 accedit,
2259 1815 2543 1899 exponit

347 1929 587 1994 Gallos
652 1934 949 2013 quodam
995 1942 1303 2014 tempore
1349 1931 1575 2016 Alpes
1620 1943 2082 2015 transgressos
2102 1982 2117 2008 ,
2164 1952 2370 2015 agros
2415 1932 2543 1995 fer·

345 2047 503 2110 tiles
570 2047 746 2110 inter
811 2046 1250 2131 Apenninum
1314 2057 1383 2112 et
1446 2047 1670 2131 Alpes
1733 2050 1898 2112 sitos
1952 2049 2395 2132 occupavisse
2412 2098 2426 2125 ‚
2475 2058 2545 2114 et

345 2164 441 2227 ita
507 2164 781 2245 quidem
841 2175 917 2228 ut
978 2163 1286 2229 Senones
1349 2175 1733 2230 extremum
1780 2167 2009 2230 locum
2056 2168 2144 2229 ad
2190 2166 2543 2229 meridiem

347 2291 775 2362 spectantem
859 2282 1242 2346 obtinerent
1304 2282 1365 2364 2).
1480 2283 1629 2346 Hos
1707 2303 1913 2367 agros
1994 2284 2157 2346 olim
2225 2284 2544 2347 colebant

347 2396 667 2471 Etrusci,·
724 2419 1012 2480 quorum
1080 2398 1435 2480 imperium
1505 2420 1588 2462 eo
1658 2408 1969 2481 tempore
2037 2420 2079 2462 a
2148 2398 2385 2481 Capua
2452 2401 2543 2462 ad

346 2500 535 2577 mare
581 2513 1009 2579 Adriaticum
1054 2517 1311 2592 stabat3
1357 2516 1587 2598 itaque
1634 2515 1693 2578 is
1739 2516 1854 2597 qui
1885 2516 2281 2579 memoriam
2316 2536 2540 2579 rerum

344 2631 788 2695 Etruscorum
846 2641 1159 2714 repetere
1220 2633 1419 2710 velit,
1483 2644 1727 2697 caveat
1778 2654 1866 2697 ne
1913 2634 2002 2695 ab
2049 2633 2130 2695 iis
2177 2633 2541 2696 contractis

346 2745 596 2812 finibus
656 2768 766 2811 res
828 2750 1124 2812 deducat
1140 2798 1155 2825 ,
1217 2769 1387 2830 quos
1448 2749 1724 2831 Polybii
1779 2760 2087 2831 tempore
2132 2749 2399 2812 Etrusci
2443 2749 2539 2811 in-

346 2864 668 2929 colebant
713 2865 763 2946 (5
816 2865 890 2947 2).
961 2865 1072 2928 De
1118 2865 1396 2946 antiquo
1441 2865 1883 2929 Etruscorum
1928 2865 2213 2947 imperio
2253 2865 2539 2928 fortasse

345 2978 678 3044 Catonem
739 2989 1013 3045 secutus
1074 2991 1179 3044 est
1240 2979 1375 3064 (cfr.
1441 2980 1629 3064 Orig.
1693 2981 1814 3044 III.
1878 2979 1954 3044 fr.
2014 3001 2046 3042 2
2100 2990 2170 3045 et
2214 2981 2282 3042 H
2327 2979 2403 3044 fr.
2460 3003 2482 3043 1
2499 3004 2551 3059 4.

345 3096 646 3179 Iordan);
705 3116 881 3179 quae
936 3096 1172 3160 scribit
1219 3098 1304 3159 de
1353 3097 1589 3160 ordine
1637 3118 1772 3179 quo
1822 3097 2249 3160 consederint
2294 3107 2540 3178 gentes

265 3219 274 3226 ’
350 3212 661 3278 Gallicae
729 3215 781 3296 (ἓ
853 3219 1024 3291 4-8
1044 3261 1059 3288 ,
1131 3213 1476 3296 aliquanto
1548 3212 1929 3277 accuratius
1950 3263 1965 3290 ‚
2037 3215 2240 3276 credo
2258 3263 2273 3290 ,
2335 3234 2541 3295 quam

344 3328 495 3392 Liv.
540 3329 626 3392 V.
676 3328 779 3411 35)
827 3339 897 3393 et
943 3331 1030 3393 de
1074 3330 1375 3394 moribus
1424 3329 1780 3395 Gallorum
1826 3330 1878 3413 (5
1927 3331 2167 3412 9—-12)
2215 3330 2420 3393 etiam
2449 3350 2540 3392 ex

350 3446 489 3510 alio
533 3446 721 3510 fonte
769 3447 1177 3530 cognovisse
1222 3447 1512 3511 videtur.

440 3563 677 3626 Livius
719 3562 828 3644 (V.
879 3587 959 3643 33
1009 3561 1179 3647 sqq.)
1224 3573 1573 3628 auctorem
1618 3574 1894 3629 secutus
1940 3584 2090 3628 esse
2125 3563 2397 3626 videtur
2426 3563 2540 3644 qui

348 3681 518 3744 belli
567 3679 814 3745 Gallici
857 3681 1226 3745 narrationi
1269 3681 1714 3763 praemiserat
1757 3681 2133 3764 vulgatam·
2153 3678 2540 3761 opinionem

349 3799 437 3863 de
502 3798 763 3880 impetu
823 3796 1178 3865 Gallorum
1238 3800 1512 3882 qualem
1571 3798 1827 3862 Fabius
1886 3819 2039 3862 eam
2086 3797 2292 3860 etiam
2336 3794 2539 3859 tradi-

364 4041 725 4049 ..φο-,Μ

435 4162 482 4275 i)
526 4197 618 4254 De
680 4192 929 4254 Timaeo
992 4193 1094 4254 cfr.
1150 4194 1490 4254 Mommsen
1543 4193 1722 4253 Rom.
1778 4190 1994 4251 Gesch.
2051 4192 2098 4249 I.
2156 4210 2214 4267 p.
2271 4193 2387 4265 467
2453 4208 2541 4266 sq.

431 4293 483 4371 2)
526 4297 590 4354 P.
648 4296 725 4354 II.
783 4314 835 4353 c.
897 4311 966 4370 17
1012 4301 1039 4365 ξ
1087 4309 1260 4367 1—7.
1347 4293 1465 4352 Cfr.
1512 4290 1693 4352 Diod.
1737 4291 1899 4349 XIV.
1945 4310 1995 4348 e.
2047 4309 2157 4366 113
2202 4297 2229 4361 ξ
2272 4309 2328 4364 3.
2412 4287 2539 4348 Liv.

348 4396 423 4455 V.
470 4412 545 4473 35
590 4393 782 4454 minus
824 4402 986 4452 recte
1001 4438 1016 4469 ‚
1067 4391 1279 4451 credo:
1348 4391 1647 4468 „Senones
1691 4387 2070 4450 recentissimi
2111 4388 2540 4453 advenarum.”
