3375 5084
1884 338 2004 412 176

845 543 1163 586 numerus
1209 544 1251 586 a
1296 522 1587 587 Graecia
1632 535 1705 586 et
1748 524 1922 587 Asia
1966 527 2057 587 ad
2102 523 2431 589 Senatum
2476 526 2865 589 confluebat
2881 576 2894 601 ‚
2941 529 3023 589 ab

846 639 927 701 iis
995 639 1326 720 Polybius
1393 641 1862 721 cognoscebat
1922 642 2074 722 quis
2133 642 2227 703 ibi
2289 652 2471 704 esset
2530 652 2747 705 status
2790 663 3024 705 rerum.

845 754 1071 816 Etiam
1116 754 1423 836 Charops
1472 754 1535 836 ¹),
1581 754 1863 818 Attalus
1894 757 1964 837 ²),
2004 756 2408 820 Heraclides
2441 756 2513 839 ³),
2544 759 2662 821 alii
2691 761 3024 839 quomodo

843 870 1117 933 Romae
1161 872 1635 953 acciperentur
1680 893 1774 935 ex
1819 876 2113 957 αὐτοψίᾳ
2159 874 2445 956 scripsit.

930 987 1050 1049 Ad
1111 988 1507 1051 traditiones
1563 990 1699 1052 hoc
1751 988 1895 1052 fere
1942 1000 2249 1071 tempore
2296 992 2385 1053 ab
2431 993 2668 1055 amicis
2711 1002 3026 1074 acceptas

845 1103 1051 1165 etiam
1096 1105 1438 1184 pertinent
1483 1123 1659 1184 quae
1708 1107 1794 1167 de
1840 1105 2143 1168 Eumene
2188 1125 2359 1188 rege
2393 1106 2719 1189 Pergami
2748 1108 3026 1188 scripsit.

842 1219 910 1280 Is
955 1218 1082 1282 fuit
1126 1220 1302 1282 inter
1346 1241 1468 1283 eos
1513 1241 1685 1301 quos
1733 1242 1889 1284 cum
1932 1222 2239 1285 Achaeis
2269 1224 2565 1286 Rhodiis
2596 1225 2746 1287 aliis
2768 1224 3028 1286 bellum

842 1334 1194 1397 Persicum
1256 1345 1610 1416 suspectos
1669 1336 1832 1400 fecit
1875 1337 2230 1400 Romanis,
2323 1338 2614 1401 Causam
2658 1340 2856 1402 huius
2905 1340 3030 1402 dis-

843 1449 1001 1512 cidii
1061 1449 1337 1530 qualem
1383 1470 1536 1512 eam
1583 1460 2002 1531 compertam
2047 1452 2291 1514 habuit
2335 1453 2613 1533 copiose
2659 1453 3034 1534 explicavit

842 1564 1190 1646 Polybius,
1281 1565 1663 1629 Praemittit
1723 1587 1799 1629 se
1862 1568 2287 1630 dubitantem
2341 1570 2429 1630 de
2473 1569 2580 1631 his
2624 1570 2828 1631 rebus
2874 1568 3033 1630 scri-

844 1682 1009 1743 bere
1025 1729 1041 1753 ,
1089 1701 1267 1762 quae
1313 1700 1469 1744 cum
1515 1682 1693 1744 clam
1740 1703 1783 1743 a
1811 1684 2089 1765 regibus
2121 1694 2317 1746 actae
2349 1685 2483 1747 sint
2511 1685 2709 1746 nimis
2735 1686 3032 1746 incertae

842 1797 1059 1859 videri
1116 1797 1230 1859 vel
1286 1799 1376 1860 ad
1421 1817 1685 1860 errores
1732 1800 1983 1862 ducere
2028 1801 2293 1880 possint
2337 1797 2790 1882 (εὐεπίληπτον
2841 1801 3031 1881 ἐφαί-

849 1935 995 1976 νετο
1047 1914 1156 1976 καὶ
1206 1909 1433 1986 τελέως
1484 1910 1855 1995 ἐπισφαλές)
1889 1913 1965 1996 ⁴);
2012 1916 2241 1996 itaque
2287 1916 2477 1979 addit
2521 1916 2768 1997 quibus
2800 1926 3032 1979 aucto-

846 2029 1033 2091 ribus
1124 2049 1243 2091 eas
1323 2030 1685 2094 crediderit
1711 2079 1725 2105 ‚
1801 2051 1939 2093 non
2014 2032 2350 2094 Romanis
2417 2035 2540 2095 sed
2609 2031 2895 2096 Graecis
2949 2032 3030 2114 ⁵);

843 2154 1108 2226 partem
1124 2193 1141 2219 ,
1187 2145 1309 2220 ait,
1358 2167 1482 2208 eae
1528 2156 1672 2209 tum
1719 2148 1948 2210 statim
1980 2159 2494 2224 emanaverunt,
2526 2151 2774 2230 partim
2795 2150 3033 2231 paullo

842 2270 999 2341 post
1058 2262 1148 2323 ad
1209 2281 1328 2324 eos
1390 2264 1505 2342 qui
1552 2263 1733 2326 circa
1778 2262 2107 2327 Perseum
2152 2266 2502 2346 degebant
2544 2274 3030 2346 pervenerunt;

846 2379 935 2439 ab
993 2378 1097 2440 his
1144 2398 1281 2461 ego
1329 2380 1576 2442 certior
1620 2380 1840 2443 factus
1887 2383 2184 2463 cognovi
2229 2382 2446 2445 omnis
2490 2382 2792 2445 malitiae
2839 2383 3034 2463 quasi

845 2514 1079 2557 semen
1142 2515 1292 2557 esse
1346 2496 1703 2558 avaritiam
1738 2496 1800 2578 ⁶).
1894 2496 2098 2579 Quod
2143 2508 2371 2561 autem
2416 2508 2562 2561 tum
2607 2499 2836 2561 statim
2883 2518 3033 2579 per-

845 2610 1203 2694 vulgatum
1287 2622 1392 2675 est
1409 2661 1423 2687 ‚
1514 2612 1785 2675 videtur
1852 2614 1983 2676 hoc
2051 2612 2290 2676 fuisse:
2362 2614 2601 2696 Cydan
2668 2617 3035 2696 quemdam

844 2725 1238 2790 Cretensem
1257 2776 1272 2803 ‚
1328 2749 1420 2790 ex
1463 2728 1715 2791 intimis
1761 2728 2082 2792 Eumenis
2100 2778 2113 2804 ,
2163 2731 2562 2793 convenisse
2607 2732 2901 2811 primum
2951 2731 3037 2793 ad
3154 2784 3161 2791 ,

840 2841 1316 2924 Amphipolim
1332 2892 1347 2919 ‚
1397 2844 1643 2906 deinde
1691 2845 1779 2906 ad
1810 2844 2321 2907 Demetriadem
2354 2867 2508 2908 cum
2534 2846 2821 2909 ducibus
2843 2847 3034 2928 regis

841 2958 1315 3033 Macedoniae;
1373 2969 1733 3040 praeterea
1777 2960 2292 3040 Hierophonem
2338 2963 2701 3042 quemdam
2744 2981 2886 3023 non
2934 2982 3034 3023 se-

841 3074 978 3136 mel
1047 3095 1089 3136 a
1156 3075 1410 3138 Perseo
1474 3075 1562 3137 ad
1622 3076 1997 3138 Eumenem
2058 3076 2335 3138 missum
2397 3098 2547 3139 esse
2581 3075 2644 3158 ⁷).
2751 3077 3036 3139 Frustra

844 3189 1007 3270 quid
1054 3200 1281 3253 actum
1328 3201 1508 3254 esset
1553 3201 1701 3254 tum
1746 3194 2213 3271 quaerebatur.
2306 3193 2415 3255 De
2468 3192 2757 3274 'captivis
2804 3203 3033 3255 actum

825 3325 993 3367 esse
1041 3305 1444 3388 Hierophon
1489 3317 1560 3370 et
1604 3307 1944 3370 Eumenes
1992 3309 2493 3390 evulgaverunt
2510 3358 2524 3384 ,
2572 3318 2643 3371 et
2688 3309 3032 3371 Eumenes

928 3583 969 3665 ¹)
1012 3586 1076 3643 P.
1121 3586 1354 3644 XXXII
1418 3606 1452 3644 c
1518 3607 1609 3644 22.

923 3683 972 3762 2)
1016 3683 1165 3743 Ibid.
1213 3704 1266 3742 c.
1313 3702 1365 3762 5.

924 3781 971 3863 3)
1013 3785 1077 3841 P.
1123 3784 1404 3842 XXXIII.
1450 3802 1501 3841 c.
1553 3803 1627 3856 14
1671 3792 1730 3842 et
1780 3787 1871 3842 16.

920 3880 970 3962 4)
1011 3883 1076 3940 P.
1121 3884 1339 3940 XXIX.
1394 3901 1447 3940 0.
1498 3882 1565 3940 1b
1605 3889 1632 3953 ξ
1681 3903 1731 3940 1.
2395 3955 2399 3960 ,

921 3979 970 4061 5)
1015 3980 1132 4040 Sed
1183 3980 1463 4041 credibile
1512 3991 1630 4054 est,
1677 3982 1840 4056 quod
1883 3981 2061 4040 etiam
2102 3982 2381 4059 Polybius
2422 4002 2544 4042 non
2586 3992 2797 4060 negat,
2842 3981 3034 4058 opini-

838 4099 1014 4140 onem
1070 4083 1482 4140 Romanorum
1537 4081 1792 4139 multum
1847 4080 2097 4139 valuisse
2114 4126 2128 4154 ‚
2186 4091 2252 4140 ut
2301 4100 2371 4141 ea
2412 4079 2684 4141 crederet
2726 4100 2882 4157 quae
2925 4100 3033 4157 per

839 4198 899 4238 se
940 4180 1058 4238 fide
1099 4179 1279 4257 digna
1320 4199 1441 4239 non
1484 4189 1696 4239 essent.

926 4278 974 4356 6)
1017 4280 1061 4335 P
1124 4280 1327 4337 XXIX
1389 4298 1439 4337 c.
1492 4280 1609 4348 1f§
1655 4293 1708 4353 5.

931 4376 975 4453 ἶ)
1016 4376 1167 4435 Ibid.
1212 4397 1263 4435 c.
1315 4392 1375 4434 1c
1413 4385 1441 4447 ξ
1489 4397 1514 4434 1
1564 4396 1649 4453 sq.
1735 4378 1801 4434 P.
1844 4394 1938 4453 ap.
1984 4375 2108 4435 Liv.
2151 4378 2363 4434 XLIV.
2392 4396 2463 4455 .0·
2513 4396 2606 4449 24.
