<?xml version="1.0" encoding="UTF-8"?>
<!DOCTYPE html PUBLIC "-//W3C//DTD XHTML 1.0 Transitional//EN"
    "http://www.w3.org/TR/xhtml1/DTD/xhtml1-transitional.dtd">
<html xmlns="http://www.w3.org/1999/xhtml" xml:lang="en" lang="en">
 <head>
  <title>
</title>
<meta http-equiv="Content-Type" content="text/html;charset=utf-8" />
  <meta name='ocr-system' content='tesseract 3.04.00' />
  <meta name='ocr-capabilities' content='ocr_page ocr_carea ocr_par ocr_line ocrx_word'/>
</head>
<body>
  <div class='ocr_page' id='page_1' title='image "./depolybiifontib00wetegoog_0077.png"; bbox 0 0 3375 5084; ppageno 0'>
   <div class='ocr_carea' id='block_1_1' title="bbox 1463 316 1542 390">
    <p class='ocr_par' dir='ltr' id='par_1_1' title="bbox 1463 316 1542 390">
     <span class='ocr_line' id='line_1_1' title="bbox 1463 316 1542 390; baseline 0 0"><span class='ocrx_word' id='word_1_1' title='bbox 1463 316 1542 390; x_wconf 85' lang='grc'>65</span> 
     </span>
    </p>
   </div>
   <div class='ocr_carea' id='block_1_2' title="bbox 413 504 2606 1283">
    <p class='ocr_par' dir='ltr' id='par_1_2' title="bbox 413 504 2606 1283">
     <span class='ocr_line' id='line_1_2' title="bbox 415 504 2599 591; baseline 0.003 -24"><span class='ocrx_word' id='word_1_2' title='bbox 415 525 566 568; x_wconf 90' lang='lat' dir='ltr'>esse</span> <span class='ocrx_word' id='word_1_3' title='bbox 628 504 1014 568; x_wconf 89' lang='lat' dir='ltr'>confectum</span> <span class='ocrx_word' id='word_1_4' title='bbox 1077 506 1368 568; x_wconf 92' lang='lat' dir='ltr'>coniecit</span> <span class='ocrx_word' id='word_1_5' title='bbox 1424 506 1704 569; x_wconf 88' lang='lat' dir='ltr'>Nitzsch</span> <span class='ocrx_word' id='word_1_6' title='bbox 1720 555 1736 579; x_wconf 90' lang='lat'><strong><em>,</em></strong></span> <span class='ocrx_word' id='word_1_7' title='bbox 1783 508 1899 588; x_wconf 92' lang='lat' dir='ltr'>qui</span> <span class='ocrx_word' id='word_1_8' title='bbox 1945 508 2220 588; x_wconf 85' lang='lat' dir='ltr'>copiose</span> <span class='ocrx_word' id='word_1_9' title='bbox 2266 530 2442 591; x_wconf 91' lang='lat' dir='ltr'>quae</span> <span class='ocrx_word' id='word_1_10' title='bbox 2489 529 2599 573; x_wconf 92' lang='lat' dir='ltr'>res</span> 
     </span>
     <span class='ocr_line' id='line_1_3' title="bbox 415 619 2603 706; baseline 0.003 -24"><span class='ocrx_word' id='word_1_11' title='bbox 415 621 496 683; x_wconf 92' lang='lat' dir='ltr'>iis</span> <span class='ocrx_word' id='word_1_12' title='bbox 567 641 769 683; x_wconf 89' lang='lat' dir='ltr'>curae</span> <span class='ocrx_word' id='word_1_13' title='bbox 830 619 1077 685; x_wconf 84' lang='lat' dir='ltr'>fuerint</span> <span class='ocrx_word' id='word_1_14' title='bbox 1138 621 1457 703; x_wconf 79' lang='lat' dir='ltr'>exposuit</span> <span class='ocrx_word' id='word_1_15' title='bbox 1473 670 1487 696; x_wconf 95' lang='lat'>,</span> <span class='ocrx_word' id='word_1_16' title='bbox 1545 632 1615 684; x_wconf 92' lang='lat' dir='ltr'>et</span> <span class='ocrx_word' id='word_1_17' title='bbox 1657 622 1983 686; x_wconf 87' lang='lat' dir='ltr'>indicavit</span> <span class='ocrx_word' id='word_1_18' title='bbox 2027 624 2321 706; x_wconf 84' lang='lat' dir='ltr'>vestigia</span> <span class='ocrx_word' id='word_1_19' title='bbox 2367 645 2603 688; x_wconf 90' lang='lat' dir='ltr'>eorum</span> 
     </span>
     <span class='ocr_line' id='line_1_4' title="bbox 418 736 2601 816; baseline 0.002 -18"><span class='ocrx_word' id='word_1_20' title='bbox 418 737 671 799; x_wconf 90' lang='lat' dir='ltr'>laboris</span> <span class='ocrx_word' id='word_1_21' title='bbox 731 737 800 798; x_wconf 89' lang='lat' dir='ltr'>in</span> <span class='ocrx_word' id='word_1_22' title='bbox 854 737 1082 800; x_wconf 90' lang='lat' dir='ltr'>multis</span> <span class='ocrx_word' id='word_1_23' title='bbox 1126 738 1331 799; x_wconf 88' lang='lat' dir='ltr'>rebus</span> <span class='ocrx_word' id='word_1_24' title='bbox 1377 757 1419 798; x_wconf 89' lang='lat' dir='ltr'>a</span> <span class='ocrx_word' id='word_1_25' title='bbox 1462 736 1659 800; x_wconf 90' lang='lat' dir='ltr'>Livio</span> <span class='ocrx_word' id='word_1_26' title='bbox 1706 738 1968 801; x_wconf 82' lang='lat' dir='ltr'>traditis</span> <span class='ocrx_word' id='word_1_27' title='bbox 2011 739 2160 802; x_wconf 89' lang='lat' dir='ltr'><strong>libr.</strong></span> <span class='ocrx_word' id='word_1_28' title='bbox 2206 739 2469 816; x_wconf 84' lang='lat' dir='ltr'>11-X;</span> <span class='ocrx_word' id='word_1_29' title='bbox 2517 761 2601 803; x_wconf 95' lang='lat' dir='ltr'>eo</span> 
     </span>
     <span class='ocr_line' id='line_1_5' title="bbox 413 851 2604 936; baseline 0.003 -23"><span class='ocrx_word' id='word_1_30' title='bbox 413 852 589 914; x_wconf 89' lang='lat' dir='ltr'>libro</span> <span class='ocrx_word' id='word_1_31' title='bbox 636 852 862 914; x_wconf 89' lang='lat' dir='ltr'>annali</span> <span class='ocrx_word' id='word_1_32' title='bbox 886 872 1104 936; x_wconf 61' lang='lat' dir='ltr'>⁵usum</span> <span class='ocrx_word' id='word_1_33' title='bbox 1150 872 1300 915; x_wconf 90' lang='lat' dir='ltr'>esse</span> <span class='ocrx_word' id='word_1_34' title='bbox 1346 851 1634 916; x_wconf 89' lang='lat' dir='ltr'>Fabium</span> <span class='ocrx_word' id='word_1_35' title='bbox 1679 854 1941 930; x_wconf 87' lang='lat' dir='ltr'>statuit;</span> <span class='ocrx_word' id='word_1_36' title='bbox 1965 854 2347 919; x_wconf 92' lang='lat' dir='ltr'>Diodorum</span> <span class='ocrx_word' id='word_1_37' title='bbox 2373 865 2604 920; x_wconf 89' lang='lat' dir='ltr'>autem</span> 
     </span>
     <span class='ocr_line' id='line_1_6' title="bbox 419 963 2604 1052; baseline 0.003 -23"><span class='ocrx_word' id='word_1_38' title='bbox 419 989 613 1030; x_wconf 92' lang='lat' dir='ltr'>usum</span> <span class='ocrx_word' id='word_1_39' title='bbox 681 988 832 1030; x_wconf 91' lang='lat' dir='ltr'>esse</span> <span class='ocrx_word' id='word_1_40' title='bbox 895 967 1143 1032; x_wconf 88' lang='lat' dir='ltr'>conicit</span> <span class='ocrx_word' id='word_1_41' title='bbox 1183 963 1227 1049; x_wconf 89' lang='lat'>¹)</span> <span class='ocrx_word' id='word_1_42' title='bbox 1286 968 1460 1030; x_wconf 94' lang='lat' dir='ltr'>libro</span> <span class='ocrx_word' id='word_1_43' title='bbox 1507 969 1735 1031; x_wconf 87' lang='lat' dir='ltr'>annali</span> <span class='ocrx_word' id='word_1_44' title='bbox 1781 972 2077 1052; x_wconf 88' lang='lat' dir='ltr'>quodam</span> <span class='ocrx_word' id='word_1_45' title='bbox 2124 992 2163 1034; x_wconf 95' lang='lat' dir='ltr'>e</span> <span class='ocrx_word' id='word_1_46' title='bbox 2209 971 2399 1036; x_wconf 89' lang='lat' dir='ltr'>fastis</span> <span class='ocrx_word' id='word_1_47' title='bbox 2445 993 2604 1036; x_wconf 89' lang='lat' dir='ltr'>con-</span> 
     </span>
     <span class='ocr_line' id='line_1_7' title="bbox 419 1085 2606 1170; baseline 0.003 -24"><span class='ocrx_word' id='word_1_48' title='bbox 419 1085 756 1147; x_wconf 88' lang='lat' dir='ltr'>sularibus</span> <span class='ocrx_word' id='word_1_49' title='bbox 805 1085 1115 1148; x_wconf 89' lang='lat' dir='ltr'>derivato</span> <span class='ocrx_word' id='word_1_50' title='bbox 1133 1133 1148 1160; x_wconf 94' lang='lat'>,</span> <span class='ocrx_word' id='word_1_51' title='bbox 1195 1105 1330 1147; x_wconf 89' lang='lat' dir='ltr'>una</span> <span class='ocrx_word' id='word_1_52' title='bbox 1377 1106 1530 1149; x_wconf 93' lang='lat' dir='ltr'>cum</span> <span class='ocrx_word' id='word_1_53' title='bbox 1578 1086 1770 1149; x_wconf 88' lang='lat' dir='ltr'>fastis</span> <span class='ocrx_word' id='word_1_54' title='bbox 1816 1087 2027 1163; x_wconf 88' lang='lat' dir='ltr'>edito,</span> <span class='ocrx_word' id='word_1_55' title='bbox 2060 1109 2231 1170; x_wconf 92' lang='lat' dir='ltr'>quos</span> <span class='ocrx_word' id='word_1_56' title='bbox 2262 1089 2474 1152; x_wconf 80' lang='lat' dir='ltr'>edidit</span> <span class='ocrx_word' id='word_1_57' title='bbox 2489 1138 2504 1165; x_wconf 94' lang='lat'>,</span> <span class='ocrx_word' id='word_1_58' title='bbox 2531 1100 2606 1152; x_wconf 93' lang='lat' dir='ltr'>ut</span> 
     </span>
     <span class='ocr_line' id='line_1_8' title="bbox 416 1201 1973 1283; baseline 0.002 -19"><span class='ocrx_word' id='word_1_59' title='bbox 416 1203 622 1264; x_wconf 91' lang='lat' dir='ltr'>modo</span> <span class='ocrx_word' id='word_1_60' title='bbox 671 1202 959 1283; x_wconf 83' lang='lat' dir='ltr'><strong>exposui</strong></span> <span class='ocrx_word' id='word_1_61' title='bbox 1006 1201 1123 1265; x_wconf 89' lang='lat' dir='ltr'>Cn.</span> <span class='ocrx_word' id='word_1_62' title='bbox 1177 1201 1458 1265; x_wconf 90' lang='lat' dir='ltr'>Flavius</span> <span class='ocrx_word' id='word_1_63' title='bbox 1505 1224 1563 1266; x_wconf 89' lang='lat' dir='ltr'>a.</span> <span class='ocrx_word' id='word_1_64' title='bbox 1614 1224 1743 1282; x_wconf 85' lang='lat'>304</span> <span class='ocrx_word' id='word_1_65' title='bbox 1792 1224 1850 1266; x_wconf 88' lang='lat' dir='ltr'>a.</span> <span class='ocrx_word' id='word_1_66' title='bbox 1901 1202 1973 1268; x_wconf 89' lang='lat' dir='ltr'>C.</span> 
     </span>
    </p>
   </div>
   <div class='ocr_carea' id='block_1_3' title="bbox 504 1317 2702 1401">
    <p class='ocr_par' dir='ltr' id='par_1_3' title="bbox 504 1317 2702 1401">
     <span class='ocr_line' id='line_1_9' title="bbox 504 1317 2702 1401; baseline 0.002 -22"><span class='ocrx_word' id='word_1_67' title='bbox 504 1317 872 1381; x_wconf 87' lang='lat' dir='ltr'>Praeterea</span> <span class='ocrx_word' id='word_1_68' title='bbox 942 1317 1147 1382; x_wconf 92' lang='lat' dir='ltr'>etiam</span> <span class='ocrx_word' id='word_1_69' title='bbox 1216 1319 1496 1382; x_wconf 88' lang='lat' dir='ltr'>annales</span> <span class='ocrx_word' id='word_1_70' title='bbox 1556 1319 1864 1401; x_wconf 89' lang='lat' dir='ltr'>privatos</span> <span class='ocrx_word' id='word_1_71' title='bbox 1927 1318 2223 1383; x_wconf 82' lang='lat' dir='ltr'>adfuisse</span> <span class='ocrx_word' id='word_1_72' title='bbox 2281 1331 2351 1383; x_wconf 91' lang='lat' dir='ltr'>et</span> <span class='ocrx_word' id='word_1_73' title='bbox 2395 1321 2464 1383; x_wconf 90' lang='lat' dir='ltr'>in</span> <span class='ocrx_word' id='word_1_74' title='bbox 2506 1321 2603 1383; x_wconf 93' lang='lat' dir='ltr'>in·</span> <span class='ocrx_word' id='word_1_75' title='bbox 2701 1360 2702 1363; x_wconf 60' lang='lat'><em>=</em></span> 
     </span>
    </p>
   </div>
   <div class='ocr_carea' id='block_1_4' title="bbox 413 1435 2607 3149">
    <p class='ocr_par' dir='ltr' id='par_1_4' title="bbox 413 1435 2607 3149">
     <span class='ocr_line' id='line_1_10' title="bbox 416 1435 2605 1520; baseline 0.001 -23"><span class='ocrx_word' id='word_1_76' title='bbox 416 1435 659 1498; x_wconf 83' lang='lat' dir='ltr'>cendio</span> <span class='ocrx_word' id='word_1_77' title='bbox 721 1436 905 1498; x_wconf 91' lang='lat' dir='ltr'>urbis</span> <span class='ocrx_word' id='word_1_78' title='bbox 963 1444 1272 1499; x_wconf 88' lang='lat' dir='ltr'>servatos</span> <span class='ocrx_word' id='word_1_79' title='bbox 1327 1457 1477 1499; x_wconf 93' lang='lat' dir='ltr'>esse</span> <span class='ocrx_word' id='word_1_80' title='bbox 1525 1436 1852 1500; x_wconf 85' lang='lat' dir='ltr'>credibile</span> <span class='ocrx_word' id='word_1_81' title='bbox 1897 1437 2061 1501; x_wconf 89' lang='lat' dir='ltr'>fecit</span> <span class='ocrx_word' id='word_1_82' title='bbox 2105 1437 2411 1501; x_wconf 89' lang='lat' dir='ltr'>Niebuhr</span> <span class='ocrx_word' id='word_1_83' title='bbox 2426 1486 2441 1513; x_wconf 94' lang='lat'>,</span> <span class='ocrx_word' id='word_1_84' title='bbox 2490 1438 2605 1520; x_wconf 90' lang='lat' dir='ltr'>qui</span> 
     </span>
     <span class='ocr_line' id='line_1_11' title="bbox 418 1550 2607 1636; baseline 0.002 -22"><span class='ocrx_word' id='word_1_85' title='bbox 418 1552 653 1615; x_wconf 86' lang='lat' dir='ltr'>statuit</span> <span class='ocrx_word' id='word_1_86' title='bbox 713 1550 1002 1614; x_wconf 88' lang='lat' dir='ltr'>Fabium</span> <span class='ocrx_word' id='word_1_87' title='bbox 1066 1572 1158 1615; x_wconf 81' lang='lat' dir='ltr'>ex</span> <span class='ocrx_word' id='word_1_88' title='bbox 1203 1552 1284 1615; x_wconf 92' lang='lat' dir='ltr'>iis</span> <span class='ocrx_word' id='word_1_89' title='bbox 1327 1553 1632 1616; x_wconf 82' lang='lat' dir='ltr'>hausisse</span> <span class='ocrx_word' id='word_1_90' title='bbox 1671 1553 1749 1636; x_wconf 83' lang='lat'>²);</span> <span class='ocrx_word' id='word_1_91' title='bbox 1793 1553 2028 1617; x_wconf 88' lang='lat' dir='ltr'>Livius</span> <span class='ocrx_word' id='word_1_92' title='bbox 2072 1553 2193 1617; x_wconf 85' lang='lat' dir='ltr'>VI.</span> <span class='ocrx_word' id='word_1_93' title='bbox 2249 1576 2271 1615; x_wconf 90' lang='lat'>1</span> <span class='ocrx_word' id='word_1_94' title='bbox 2328 1555 2607 1618; x_wconf 91' lang='lat' dir='ltr'>annales</span> 
     </span>
     <span class='ocr_line' id='line_1_12' title="bbox 416 1666 2604 1752; baseline 0.001 -22"><span class='ocrx_word' id='word_1_95' title='bbox 416 1666 746 1733; x_wconf 92' lang='lat' dir='ltr'>eiusmodi</span> <span class='ocrx_word' id='word_1_96' title='bbox 809 1666 1095 1730; x_wconf 88' lang='lat' dir='ltr'>fortasse</span> <span class='ocrx_word' id='word_1_97' title='bbox 1142 1668 1396 1731; x_wconf 89' lang='lat' dir='ltr'>indicat</span> <span class='ocrx_word' id='word_1_98' title='bbox 1441 1689 1595 1732; x_wconf 91' lang='lat' dir='ltr'>cum</span> <span class='ocrx_word' id='word_1_99' title='bbox 1641 1678 1978 1733; x_wconf 83' lang='lat' dir='ltr'>memoret</span> <span class='ocrx_word' id='word_1_100' title='bbox 2021 1678 2296 1751; x_wconf 88' lang='lat' dir='ltr'>praeter</span> <span class='ocrx_word' id='word_1_101' title='bbox 2338 1668 2604 1752; x_wconf 90' lang='lat' dir='ltr'>pontifi-</span> 
     </span>
     <span class='ocr_line' id='line_1_13' title="bbox 416 1784 2607 1869; baseline 0.001 -22"><span class='ocrx_word' id='word_1_102' title='bbox 416 1804 574 1847; x_wconf 86' lang='lat' dir='ltr'>cum</span> <span class='ocrx_word' id='word_1_103' title='bbox 636 1784 1157 1847; x_wconf 81' lang='lat' dir='ltr'>commentarios</span> <span class='ocrx_word' id='word_1_104' title='bbox 1226 1785 1399 1859; x_wconf 89' lang='lat' dir='ltr'>„alia</span> <span class='ocrx_word' id='word_1_105' title='bbox 1452 1786 1925 1850; x_wconf 88' lang='lat' dir='ltr'>monumenta&#39;&#39;</span> <span class='ocrx_word' id='word_1_106' title='bbox 1942 1835 1956 1861; x_wconf 95' lang='lat'>,</span> <span class='ocrx_word' id='word_1_107' title='bbox 2003 1785 2314 1869; x_wconf 88' lang='lat' dir='ltr'>quamvis</span> <span class='ocrx_word' id='word_1_108' title='bbox 2357 1786 2476 1850; x_wconf 94' lang='lat' dir='ltr'>ille</span> <span class='ocrx_word' id='word_1_109' title='bbox 2521 1808 2607 1849; x_wconf 90' lang='lat' dir='ltr'>ea</span> 
     </span>
     <span class='ocr_line' id='line_1_14' title="bbox 414 1874 2607 1984; baseline 0.002 -23"><span class='ocrx_word' id='word_1_110' title='bbox 414 1899 699 1980; x_wconf 90' lang='lat' dir='ltr'>periisse</span> <span class='ocrx_word' id='word_1_111' title='bbox 745 1901 985 1963; x_wconf 90' lang='lat' dir='ltr'>tradat.</span> <span class='ocrx_word' id='word_1_112' title='bbox 1070 1899 1189 1962; x_wconf 90' lang='lat' dir='ltr'>Ad</span> <span class='ocrx_word' id='word_1_113' title='bbox 1233 1901 1366 1963; x_wconf 92' lang='lat' dir='ltr'>hoc</span> <span class='ocrx_word' id='word_1_114' title='bbox 1412 1921 1632 1983; x_wconf 86' lang='lat' dir='ltr'>genus</span> <span class='ocrx_word' id='word_1_115' title='bbox 1676 1874 2019 1983; x_wconf 86' lang='lat' dir='ltr'>pertinent</span> <span class='ocrx_word' id='word_1_116' title='bbox 2064 1922 2234 1983; x_wconf 91' lang='lat' dir='ltr'>quas</span> <span class='ocrx_word' id='word_1_117' title='bbox 2276 1902 2607 1984; x_wconf 87' lang='lat' dir='ltr'>Polybius</span> 
     </span>
     <span class='ocr_line' id='line_1_15' title="bbox 414 2016 2607 2105; baseline 0.002 -27"><span class='ocrx_word' id='word_1_118' title='bbox 414 2016 587 2079; x_wconf 90' lang='lat' dir='ltr'>vidit</span> <span class='ocrx_word' id='word_1_119' title='bbox 651 2016 1147 2102; x_wconf 47' lang='grc' dir='ltr'><strong><em>χρονογραφίαι,</em></strong></span> <span class='ocrx_word' id='word_1_120' title='bbox 1185 2018 1561 2098; x_wconf 89' lang='lat' dir='ltr'>parietibus</span> <span class='ocrx_word' id='word_1_121' title='bbox 1614 2019 1979 2102; x_wconf 91' lang='lat' dir='ltr'>inscriptae</span> <span class='ocrx_word' id='word_1_122' title='bbox 2021 2018 2093 2101; x_wconf 85' lang='lat'>³);</span> <span class='ocrx_word' id='word_1_123' title='bbox 2141 2019 2319 2083; x_wconf 90' lang='lat' dir='ltr'>tituli</span> <span class='ocrx_word' id='word_1_124' title='bbox 2368 2019 2607 2105; x_wconf 49' lang='lat' dir='ltr'>imagie</span> 
     </span>
     <span class='ocr_line' id='line_1_16' title="bbox 413 2133 2427 2217; baseline 0.002 -23"><span class='ocrx_word' id='word_1_125' title='bbox 413 2152 577 2195; x_wconf 92' lang='lat' dir='ltr'>num</span> <span class='ocrx_word' id='word_1_126' title='bbox 596 2181 610 2205; x_wconf 91' lang='lat'>,</span> <span class='ocrx_word' id='word_1_127' title='bbox 657 2133 1085 2196; x_wconf 87' lang='lat' dir='ltr'>laudationes</span> <span class='ocrx_word' id='word_1_128' title='bbox 1101 2182 1115 2208; x_wconf 95' lang='lat'>,</span> <span class='ocrx_word' id='word_1_129' title='bbox 1163 2134 1230 2196; x_wconf 91' lang='lat' dir='ltr'>in</span> <span class='ocrx_word' id='word_1_130' title='bbox 1276 2134 1552 2198; x_wconf 90' lang='lat' dir='ltr'>tablinis</span> <span class='ocrx_word' id='word_1_131' title='bbox 1596 2135 1964 2217; x_wconf 85' lang='lat' dir='ltr'>gentiliciis</span> <span class='ocrx_word' id='word_1_132' title='bbox 2009 2135 2427 2200; x_wconf 86' lang='lat' dir='ltr'>abscondita.</span> 
     </span>
     <span class='ocr_line' id='line_1_17' title="bbox 510 2248 2605 2332; baseline 0.001 -21"><span class='ocrx_word' id='word_1_133' title='bbox 510 2248 756 2312; x_wconf 87' lang='lat' dir='ltr'>Varias</span> <span class='ocrx_word' id='word_1_134' title='bbox 838 2250 1190 2332; x_wconf 88' lang='lat' dir='ltr'>composui</span> <span class='ocrx_word' id='word_1_135' title='bbox 1258 2251 1555 2314; x_wconf 87' lang='lat' dir='ltr'>virorum</span> <span class='ocrx_word' id='word_1_136' title='bbox 1623 2253 1980 2314; x_wconf 91' lang='lat' dir='ltr'>doctorum</span> <span class='ocrx_word' id='word_1_137' title='bbox 2048 2251 2418 2315; x_wconf 89' lang='lat' dir='ltr'>sententias</span> <span class='ocrx_word' id='word_1_138' title='bbox 2434 2299 2450 2327; x_wconf 92' lang='lat'>,</span> <span class='ocrx_word' id='word_1_139' title='bbox 2519 2252 2605 2314; x_wconf 94' lang='lat' dir='ltr'>de</span> 
     </span>
     <span class='ocr_line' id='line_1_18' title="bbox 414 2364 2607 2451; baseline 0.002 -24"><span class='ocrx_word' id='word_1_140' title='bbox 414 2364 660 2447; x_wconf 90' lang='lat' dir='ltr'>quibus</span> <span class='ocrx_word' id='word_1_141' title='bbox 729 2365 1050 2429; x_wconf 91' lang='lat' dir='ltr'>iudicium</span> <span class='ocrx_word' id='word_1_142' title='bbox 1112 2365 1280 2439; x_wconf 59' lang='lat' dir='ltr'>,ferri</span> <span class='ocrx_word' id='word_1_143' title='bbox 1347 2367 1584 2449; x_wconf 92' lang='lat' dir='ltr'>nequit</span> <span class='ocrx_word' id='word_1_144' title='bbox 1599 2416 1614 2442; x_wconf 89' lang='lat'><strong><em>,</em></strong></span> <span class='ocrx_word' id='word_1_145' title='bbox 1683 2367 1811 2431; x_wconf 91' lang='lat' dir='ltr'>nisi</span> <span class='ocrx_word' id='word_1_146' title='bbox 1880 2368 2030 2450; x_wconf 90' lang='lat' dir='ltr'>quis</span> <span class='ocrx_word' id='word_1_147' title='bbox 2101 2368 2466 2451; x_wconf 84' lang='lat' dir='ltr'>diligenter</span> <span class='ocrx_word' id='word_1_148' title='bbox 2531 2377 2607 2431; x_wconf 90' lang='lat' dir='ltr'>ut</span> 
     </span>
     <span class='ocr_line' id='line_1_19' title="bbox 415 2475 2603 2566; baseline 0 -21"><span class='ocrx_word' id='word_1_149' title='bbox 415 2475 697 2545; x_wconf 86' lang='lat' dir='ltr'>Nitzsch</span> <span class='ocrx_word' id='word_1_150' title='bbox 757 2481 984 2546; x_wconf 88' lang='lat' dir='ltr'>facere</span> <span class='ocrx_word' id='word_1_151' title='bbox 1045 2482 1331 2547; x_wconf 89' lang='lat' dir='ltr'>instituit</span> <span class='ocrx_word' id='word_1_152' title='bbox 1375 2483 1812 2547; x_wconf 87' lang='lat' dir='ltr'>traditionum</span> <span class='ocrx_word' id='word_1_153' title='bbox 1857 2504 2034 2566; x_wconf 93' lang='lat' dir='ltr'>quae</span> <span class='ocrx_word' id='word_1_154' title='bbox 2079 2493 2440 2565; x_wconf 87' lang='lat' dir='ltr'>supersunt</span> <span class='ocrx_word' id='word_1_155' title='bbox 2484 2503 2603 2565; x_wconf 85' lang='lat' dir='ltr'>ge-</span> 
     </span>
     <span class='ocr_line' id='line_1_20' title="bbox 414 2597 2606 2681; baseline 0 -22"><span class='ocrx_word' id='word_1_156' title='bbox 414 2618 582 2660; x_wconf 89' lang='lat' dir='ltr'>nera</span> <span class='ocrx_word' id='word_1_157' title='bbox 643 2608 713 2661; x_wconf 87' lang='lat' dir='ltr'>et</span> <span class='ocrx_word' id='word_1_158' title='bbox 773 2609 1004 2679; x_wconf 89' lang='lat' dir='ltr'>partes</span> <span class='ocrx_word' id='word_1_159' title='bbox 1064 2599 1432 2681; x_wconf 84' lang='lat' dir='ltr'>inspexerit</span> <span class='ocrx_word' id='word_1_160' title='bbox 1494 2608 1565 2662; x_wconf 92' lang='lat' dir='ltr'>et</span> <span class='ocrx_word' id='word_1_161' title='bbox 1621 2598 2024 2661; x_wconf 83' lang='lat' dir='ltr'>distinxerit·</span> <span class='ocrx_word' id='word_1_162' title='bbox 2044 2597 2106 2680; x_wconf 76' lang='lat'>⁴).</span> <span class='ocrx_word' id='word_1_163' title='bbox 2196 2598 2277 2661; x_wconf 93' lang='lat' dir='ltr'>Id</span> <span class='ocrx_word' id='word_1_164' title='bbox 2329 2600 2606 2662; x_wconf 90' lang='lat' dir='ltr'>tandem</span> 
     </span>
     <span class='ocr_line' id='line_1_21' title="bbox 413 2714 2607 2796; baseline 0.001 -19"><span class='ocrx_word' id='word_1_165' title='bbox 413 2715 776 2796; x_wconf 89' lang='lat' dir='ltr'>probabile</span> <span class='ocrx_word' id='word_1_166' title='bbox 836 2716 1063 2780; x_wconf 88' lang='lat' dir='ltr'>facere</span> <span class='ocrx_word' id='word_1_167' title='bbox 1124 2717 1350 2779; x_wconf 92' lang='lat' dir='ltr'>studui</span> <span class='ocrx_word' id='word_1_168' title='bbox 1367 2765 1382 2791; x_wconf 91' lang='lat'>‚</span> <span class='ocrx_word' id='word_1_169' title='bbox 1443 2714 1660 2778; x_wconf 90' lang='lat' dir='ltr'>Fabio</span> <span class='ocrx_word' id='word_1_170' title='bbox 1725 2724 1796 2779; x_wconf 92' lang='lat' dir='ltr'>et</span> <span class='ocrx_word' id='word_1_171' title='bbox 1854 2715 2142 2780; x_wconf 83' lang='lat' dir='ltr'>fortasse</span> <span class='ocrx_word' id='word_1_172' title='bbox 2205 2715 2411 2778; x_wconf 87' lang='lat' dir='ltr'>etiam</span> <span class='ocrx_word' id='word_1_173' title='bbox 2457 2716 2607 2779; x_wconf 88' lang='lat' dir='ltr'>aliis</span> 
     </span>
     <span class='ocr_line' id='line_1_22' title="bbox 416 2831 2607 2914; baseline 0.001 -21"><span class='ocrx_word' id='word_1_174' title='bbox 416 2852 642 2894; x_wconf 88' lang='lat' dir='ltr'>rerum</span> <span class='ocrx_word' id='word_1_175' title='bbox 710 2833 1181 2896; x_wconf 88' lang='lat' dir='ltr'>Romanarum</span> <span class='ocrx_word' id='word_1_176' title='bbox 1250 2832 1639 2895; x_wconf 88' lang='lat' dir='ltr'>auctoribus</span> <span class='ocrx_word' id='word_1_177' title='bbox 1707 2843 1983 2914; x_wconf 87' lang='lat' dir='ltr'>praesto</span> <span class='ocrx_word' id='word_1_178' title='bbox 2053 2831 2258 2896; x_wconf 81' lang='lat' dir='ltr'>fuisse</span> <span class='ocrx_word' id='word_1_179' title='bbox 2328 2833 2607 2896; x_wconf 89' lang='lat' dir='ltr'>annales</span> 
     </span>
     <span class='ocr_line' id='line_1_23' title="bbox 416 2949 2605 3031; baseline 0 -20"><span class='ocrx_word' id='word_1_180' title='bbox 416 2949 931 3030; x_wconf 89' lang='lat' dir='ltr'>(adnotationes)</span> <span class='ocrx_word' id='word_1_181' title='bbox 979 2950 1222 3031; x_wconf 91' lang='lat' dir='ltr'>quibus</span> <span class='ocrx_word' id='word_1_182' title='bbox 1268 2970 1377 3012; x_wconf 91' lang='lat' dir='ltr'>res</span> <span class='ocrx_word' id='word_1_183' title='bbox 1422 2949 1684 3031; x_wconf 92' lang='lat' dir='ltr'>aliquot</span> <span class='ocrx_word' id='word_1_184' title='bbox 1716 2950 1980 3030; x_wconf 91' lang='lat' dir='ltr'>priscae</span> <span class='ocrx_word' id='word_1_185' title='bbox 2010 2949 2427 3031; x_wconf 90' lang='lat' dir='ltr'>reipublicae</span> <span class='ocrx_word' id='word_1_186' title='bbox 2460 2949 2605 3012; x_wconf 90' lang='lat' dir='ltr'>Ro·</span> 
     </span>
     <span class='ocr_line' id='line_1_24' title="bbox 416 3064 2605 3149; baseline 0 -22"><span class='ocrx_word' id='word_1_187' title='bbox 416 3086 662 3128; x_wconf 88' lang='lat' dir='ltr'>manae</span> <span class='ocrx_word' id='word_1_188' title='bbox 706 3065 857 3148; x_wconf 91' lang='lat' dir='ltr'>ipso</span> <span class='ocrx_word' id='word_1_189' title='bbox 903 3065 1049 3129; x_wconf 88' lang='lat' dir='ltr'>fere</span> <span class='ocrx_word' id='word_1_190' title='bbox 1093 3087 1230 3148; x_wconf 92' lang='lat' dir='ltr'>quo</span> <span class='ocrx_word' id='word_1_191' title='bbox 1276 3075 1520 3149; x_wconf 86' lang='lat' dir='ltr'>gestae</span> <span class='ocrx_word' id='word_1_192' title='bbox 1568 3076 1763 3129; x_wconf 94' lang='lat' dir='ltr'>erant</span> <span class='ocrx_word' id='word_1_193' title='bbox 1794 3076 2103 3148; x_wconf 93' lang='lat' dir='ltr'>tempore</span> <span class='ocrx_word' id='word_1_194' title='bbox 2134 3086 2271 3129; x_wconf 92' lang='lat' dir='ltr'>non</span> <span class='ocrx_word' id='word_1_195' title='bbox 2301 3066 2447 3129; x_wconf 93' lang='lat' dir='ltr'>sine</span> <span class='ocrx_word' id='word_1_196' title='bbox 2468 3064 2605 3129; x_wconf 90' lang='lat' dir='ltr'>fide</span> 
     </span>
    </p>
   </div>
   <div class='ocr_carea' id='block_1_5' title="bbox 429 3244 789 3252">
    <p class='ocr_par' dir='ltr' id='par_1_5' title="bbox 429 3244 789 3252">
     <span class='ocr_line' id='line_1_25' title="bbox 429 3244 789 3252; baseline 0 1832"><span class='ocrx_word' id='word_1_197' title='bbox 429 3244 789 3252; x_wconf 95' lang='lat' dir='ltr'> </span> 
     </span>
    </p>
   </div>
   <div class='ocr_carea' id='block_1_6' title="bbox 409 3350 2617 4333">
    <p class='ocr_par' dir='ltr' id='par_1_6' title="bbox 413 3350 2612 3719">
     <span class='ocr_line' id='line_1_26' title="bbox 509 3350 2612 3444; baseline -0.001 -22"><span class='ocrx_word' id='word_1_198' title='bbox 509 3363 548 3444; x_wconf 93' lang='lat'>¹)</span> <span class='ocrx_word' id='word_1_199' title='bbox 590 3364 867 3436; x_wconf 84' lang='lat' dir='ltr'>Nitzsch,</span> <span class='ocrx_word' id='word_1_200' title='bbox 910 3365 1087 3422; x_wconf 80' lang='lat' dir='ltr'>Rom.</span> <span class='ocrx_word' id='word_1_201' title='bbox 1133 3362 1468 3422; x_wconf 85' lang='lat' dir='ltr'>Annalistik</span> <span class='ocrx_word' id='word_1_202' title='bbox 1510 3384 1568 3441; x_wconf 90' lang='lat' dir='ltr'>p.</span> <span class='ocrx_word' id='word_1_203' title='bbox 1617 3350 1955 3440; x_wconf 61' lang='grc'>209-219,</span> <span class='ocrx_word' id='word_1_204' title='bbox 2021 3364 2229 3440; x_wconf 89' lang='lat' dir='ltr'>Neque</span> <span class='ocrx_word' id='word_1_205' title='bbox 2260 3371 2612 3441; x_wconf 84' lang='lat' dir='ltr'>argumenta</span> 
     </span>
     <span class='ocr_line' id='line_1_27' title="bbox 414 3461 2610 3541; baseline -0 -21"><span class='ocrx_word' id='word_1_206' title='bbox 414 3481 608 3539; x_wconf 90' lang='lat' dir='ltr'>neque</span> <span class='ocrx_word' id='word_1_207' title='bbox 649 3482 791 3522; x_wconf 91' lang='lat' dir='ltr'>vero</span> <span class='ocrx_word' id='word_1_208' title='bbox 833 3461 957 3521; x_wconf 90' lang='lat' dir='ltr'>eius</span> <span class='ocrx_word' id='word_1_209' title='bbox 998 3462 1327 3541; x_wconf 84' lang='lat' dir='ltr'>egregriam</span> <span class='ocrx_word' id='word_1_210' title='bbox 1359 3461 1790 3538; x_wconf 88' lang='lat' dir='ltr'>expositionem</span> <span class='ocrx_word' id='word_1_211' title='bbox 1821 3464 1881 3521; x_wconf 92' lang='lat' dir='ltr'>h.</span> <span class='ocrx_word' id='word_1_212' title='bbox 1909 3464 1946 3520; x_wconf 95' lang='lat' dir='ltr'>l.</span> <span class='ocrx_word' id='word_1_213' title='bbox 1979 3472 2245 3539; x_wconf 90' lang='lat' dir='ltr'>repetere</span> <span class='ocrx_word' id='word_1_214' title='bbox 2266 3479 2610 3538; x_wconf 84' lang='lat' dir='ltr'>possumus3</span> 
     </span>
     <span class='ocr_line' id='line_1_28' title="bbox 413 3557 2611 3638; baseline -0.001 -18"><span class='ocrx_word' id='word_1_215' title='bbox 413 3561 529 3620; x_wconf 88' lang='lat' dir='ltr'>alia</span> <span class='ocrx_word' id='word_1_216' title='bbox 582 3580 720 3621; x_wconf 90' lang='lat' dir='ltr'>vere</span> <span class='ocrx_word' id='word_1_217' title='bbox 775 3562 852 3620; x_wconf 85' lang='lat' dir='ltr'>ab</span> <span class='ocrx_word' id='word_1_218' title='bbox 910 3580 982 3621; x_wconf 90' lang='lat' dir='ltr'>eo</span> <span class='ocrx_word' id='word_1_219' title='bbox 1046 3559 1347 3638; x_wconf 84' lang='lat' dir='ltr'>exposita,</span> <span class='ocrx_word' id='word_1_220' title='bbox 1398 3561 1513 3620; x_wconf 89' lang='lat' dir='ltr'>alia</span> <span class='ocrx_word' id='word_1_221' title='bbox 1553 3560 1728 3620; x_wconf 92' lang='lat' dir='ltr'>nimis</span> <span class='ocrx_word' id='word_1_222' title='bbox 1771 3571 1992 3620; x_wconf 89' lang='lat' dir='ltr'>temere</span> <span class='ocrx_word' id='word_1_223' title='bbox 2034 3559 2306 3619; x_wconf 85' lang='lat' dir='ltr'>coniecta</span> <span class='ocrx_word' id='word_1_224' title='bbox 2346 3559 2489 3618; x_wconf 88' lang='lat' dir='ltr'>mihi</span> <span class='ocrx_word' id='word_1_225' title='bbox 2531 3557 2611 3618; x_wconf 88' lang='lat' dir='ltr'>vi·</span> 
     </span>
     <span class='ocr_line' id='line_1_29' title="bbox 414 3660 649 3719; baseline 0 -1"><span class='ocrx_word' id='word_1_226' title='bbox 414 3660 649 3719; x_wconf 89' lang='lat' dir='ltr'>dentur.</span> 
     </span>
    </p>

    <p class='ocr_par' dir='ltr' id='par_1_7' title="bbox 412 3755 2611 4035">
     <span class='ocr_line' id='line_1_30' title="bbox 500 3755 2611 3839; baseline -0.001 -21"><span class='ocrx_word' id='word_1_227' title='bbox 500 3757 550 3839; x_wconf 83' lang='lat'>2)</span> <span class='ocrx_word' id='word_1_228' title='bbox 589 3758 855 3819; x_wconf 91' lang='lat' dir='ltr'>Niebuhr</span> <span class='ocrx_word' id='word_1_229' title='bbox 899 3761 1077 3818; x_wconf 78' lang='lat' dir='ltr'>Rom.</span> <span class='ocrx_word' id='word_1_230' title='bbox 1120 3758 1337 3818; x_wconf 92' lang='lat' dir='ltr'>Gesch.</span> <span class='ocrx_word' id='word_1_231' title='bbox 1381 3760 1460 3817; x_wconf 92' lang='grc' dir='ltr'>Π.</span> <span class='ocrx_word' id='word_1_232' title='bbox 1502 3779 1563 3835; x_wconf 91' lang='lat' dir='ltr'>p.</span> <span class='ocrx_word' id='word_1_233' title='bbox 1606 3778 1644 3831; x_wconf 90' lang='lat'>4</span> <span class='ocrx_word' id='word_1_234' title='bbox 1690 3759 1836 3834; x_wconf 88' lang='lat' dir='ltr'>„das</span> <span class='ocrx_word' id='word_1_235' title='bbox 1867 3756 1997 3817; x_wconf 90' lang='lat' dir='ltr'>sind</span> <span class='ocrx_word' id='word_1_236' title='bbox 2019 3778 2143 3817; x_wconf 89' lang='lat' dir='ltr'>nun</span> <span class='ocrx_word' id='word_1_237' title='bbox 2165 3755 2611 3834; x_wconf 83' lang='lat' dir='ltr'>ursprungliche</span> 
     </span>
     <span class='ocr_line' id='line_1_31' title="bbox 412 3854 2611 3935; baseline -0.001 -20"><span class='ocrx_word' id='word_1_238' title='bbox 412 3860 688 3917; x_wconf 87' lang='lat' dir='ltr'>Annalen</span> <span class='ocrx_word' id='word_1_239' title='bbox 704 3903 719 3932; x_wconf 89' lang='lat'><em>,</em></span> <span class='ocrx_word' id='word_1_240' title='bbox 771 3857 1153 3935; x_wconf 76' lang='lat' dir='ltr'>unabhangig</span> <span class='ocrx_word' id='word_1_241' title='bbox 1194 3877 1311 3917; x_wconf 89' lang='lat' dir='ltr'>von</span> <span class='ocrx_word' id='word_1_242' title='bbox 1353 3858 1546 3917; x_wconf 91' lang='lat' dir='ltr'>denen</span> <span class='ocrx_word' id='word_1_243' title='bbox 1589 3856 1697 3916; x_wconf 92' lang='lat' dir='ltr'>der</span> <span class='ocrx_word' id='word_1_244' title='bbox 1738 3856 2055 3916; x_wconf 90' lang='lat' dir='ltr'>Pontifices</span> <span class='ocrx_word' id='word_1_245' title='bbox 2097 3855 2450 3915; x_wconf 85' lang='lat' dir='ltr'>entstanden</span> <span class='ocrx_word' id='word_1_246' title='bbox 2487 3854 2611 3914; x_wconf 91' lang='lat' dir='ltr'>und</span> 
     </span>
     <span class='ocr_line' id='line_1_32' title="bbox 412 3954 2611 4035; baseline -0.002 -20"><span class='ocrx_word' id='word_1_247' title='bbox 412 3975 533 4016; x_wconf 91' lang='lat' dir='ltr'>von</span> <span class='ocrx_word' id='word_1_248' title='bbox 574 3956 763 4016; x_wconf 89' lang='lat' dir='ltr'>vielen</span> <span class='ocrx_word' id='word_1_249' title='bbox 792 3955 1252 4016; x_wconf 88' lang='lat' dir='ltr'>verschiedenen</span> <span class='ocrx_word' id='word_1_250' title='bbox 1281 3958 1581 4035; x_wconf 81' lang='lat' dir='ltr'>angelegt3</span> <span class='ocrx_word' id='word_1_251' title='bbox 1614 3956 1720 4014; x_wconf 91' lang='lat' dir='ltr'>cfr.</span> <span class='ocrx_word' id='word_1_252' title='bbox 1746 3954 1923 4014; x_wconf 89' lang='lat' dir='ltr'>etiam</span> <span class='ocrx_word' id='word_1_253' title='bbox 1946 3955 2277 4032; x_wconf 86' lang='lat' dir='ltr'>Schwegler</span> <span class='ocrx_word' id='word_1_254' title='bbox 2299 3974 2356 4031; x_wconf 90' lang='lat' dir='ltr'>p.</span> <span class='ocrx_word' id='word_1_255' title='bbox 2388 3975 2456 4013; x_wconf 90' lang='lat'>12</span> <span class='ocrx_word' id='word_1_256' title='bbox 2481 3973 2611 4031; x_wconf 89' lang='lat' dir='ltr'>sqq.</span> 
     </span>
    </p>

    <p class='ocr_par' dir='ltr' id='par_1_8' title="bbox 409 4053 2617 4237">
     <span class='ocr_line' id='line_1_33' title="bbox 503 4053 2617 4136; baseline -0 -22"><span class='ocrx_word' id='word_1_257' title='bbox 503 4053 550 4136; x_wconf 76' lang='lat'>3)</span> <span class='ocrx_word' id='word_1_258' title='bbox 605 4056 811 4133; x_wconf 91' lang='lat' dir='ltr'>Polyb.</span> <span class='ocrx_word' id='word_1_259' title='bbox 869 4057 944 4114; x_wconf 90' lang='lat' dir='ltr'>V.</span> <span class='ocrx_word' id='word_1_260' title='bbox 1005 4074 1113 4132; x_wconf 80' lang='lat'>33:</span> <span class='ocrx_word' id='word_1_261' title='bbox 1174 4060 1221 4116; x_wconf 85' lang='grc' dir='ltr'>οἱ</span> <span class='ocrx_word' id='word_1_262' title='bbox 1272 4060 1337 4115; x_wconf 79' lang='grc' dir='ltr'>τὰ</span> <span class='ocrx_word' id='word_1_263' title='bbox 1389 4060 1522 4116; x_wconf 81' lang='grc' dir='ltr'>κατὰ</span> <span class='ocrx_word' id='word_1_264' title='bbox 1572 4058 1781 4133; x_wconf 79' lang='grc' dir='ltr'>καιροὺς</span> <span class='ocrx_word' id='word_1_265' title='bbox 1822 4060 1871 4113; x_wconf 84' lang='grc' dir='ltr'>ἐν</span> <span class='ocrx_word' id='word_1_266' title='bbox 1911 4065 2025 4120; x_wconf 86' lang='grc' dir='ltr'>ταῖς</span> <span class='ocrx_word' id='word_1_267' title='bbox 2060 4061 2459 4133; x_wconf 77' lang='grc' dir='ltr'><strong><em>χρονογραφίαις</em></strong></span> <span class='ocrx_word' id='word_1_268' title='bbox 2493 4057 2617 4114; x_wconf 85' lang='grc' dir='ltr'>ὑπο-</span> 
     </span>
     <span class='ocr_line' id='line_1_34' title="bbox 409 4157 1680 4237; baseline -0.001 -22"><span class='ocrx_word' id='word_1_269' title='bbox 409 4160 847 4237; x_wconf 83' lang='grc' dir='ltr'>μνηματιζόμενοι</span> <span class='ocrx_word' id='word_1_270' title='bbox 882 4161 1158 4221; x_wconf 83' lang='grc' dir='ltr'>πολιτικῶς</span> <span class='ocrx_word' id='word_1_271' title='bbox 1192 4159 1263 4223; x_wconf 81' lang='grc' dir='ltr'>εἰς</span> <span class='ocrx_word' id='word_1_272' title='bbox 1297 4157 1415 4222; x_wconf 82' lang='grc' dir='ltr'>τοὺς</span> <span class='ocrx_word' id='word_1_273' title='bbox 1449 4161 1680 4233; x_wconf 77' lang='grc' dir='ltr'><strong>τοίχους.</strong></span> 
     </span>
    </p>

    <p class='ocr_par' dir='ltr' id='par_1_9' title="bbox 498 4247 2611 4333">
     <span class='ocr_line' id='line_1_35' title="bbox 498 4247 2611 4333; baseline -0.002 -21"><span class='ocrx_word' id='word_1_274' title='bbox 498 4252 549 4333; x_wconf 75' lang='lat'>⁴)</span> <span class='ocrx_word' id='word_1_275' title='bbox 605 4254 780 4312; x_wconf 91' lang='lat' dir='ltr'>Nunc</span> <span class='ocrx_word' id='word_1_276' title='bbox 835 4251 1015 4312; x_wconf 86' lang='lat' dir='ltr'>etiam</span> <span class='ocrx_word' id='word_1_277' title='bbox 1071 4251 1295 4311; x_wconf 81' lang='lat' dir='ltr'>addere</span> <span class='ocrx_word' id='word_1_278' title='bbox 1343 4270 1690 4327; x_wconf 89' lang='lat' dir='ltr'>possumus:</span> <span class='ocrx_word' id='word_1_279' title='bbox 1756 4251 1902 4307; x_wconf 86' lang='lat' dir='ltr'>Max</span> <span class='ocrx_word' id='word_1_280' title='bbox 1943 4249 2168 4307; x_wconf 89' lang='lat' dir='ltr'>Zoeller</span> <span class='ocrx_word' id='word_1_281' title='bbox 2208 4247 2445 4307; x_wconf 87' lang='lat' dir='ltr'>Latium</span> <span class='ocrx_word' id='word_1_282' title='bbox 2487 4249 2611 4308; x_wconf 91' lang='lat' dir='ltr'>und</span> 
     </span>
    </p>
   </div>
   <div class='ocr_carea' id='block_1_7' title="bbox 411 4350 2446 4503">
    <p class='ocr_par' dir='ltr' id='par_1_10' title="bbox 411 4350 2446 4503">
     <span class='ocr_line' id='line_1_36' title="bbox 411 4350 1451 4428; baseline -0.002 -18"><span class='ocrx_word' id='word_1_283' title='bbox 411 4354 592 4411; x_wconf 91' lang='lat' dir='ltr'>Rom.</span> <span class='ocrx_word' id='word_1_284' title='bbox 636 4350 909 4428; x_wconf 87' lang='lat' dir='ltr'>Leipzig,</span> <span class='ocrx_word' id='word_1_285' title='bbox 952 4351 1230 4409; x_wconf 91' lang='lat' dir='ltr'>Teubner</span> <span class='ocrx_word' id='word_1_286' title='bbox 1280 4351 1451 4425; x_wconf 90' lang='lat'>1878.</span> 
     </span>
     <span class='ocr_line' id='line_1_37' title="bbox 1392 4455 2446 4503; baseline -0.001 1"><span class='ocrx_word' id='word_1_287' title='bbox 1392 4484 1393 4489; x_wconf 65' lang='lat'>=</span> <span class='ocrx_word' id='word_1_288' title='bbox 2413 4455 2446 4503; x_wconf 88' lang='lat'>5</span> 
     </span>
    </p>
   </div>
  </div>
 </body>
</html>
