3375 5084
1873 330 1905 370 2

795 502 1086 566 illustret
1101 551 1114 577 ,
1185 503 1456 584 qualem
1527 502 1733 565 etiam
1804 503 2141 565 interdum
2211 502 2274 565 ei
2341 512 2689 584 praestant
2748 522 2984 565 versus

797 616 1085 682 Hesiodi
1127 618 1193 699 ¹),
1262 616 1570 682 Pindari
1599 618 1643 699 2)
1659 667 1673 693 ,
1738 616 2099 702 Euripidis
2140 616 2181 700 ³)
2244 619 2631 682 memoriter
2691 619 2947 681 laudati
2965 667 2979 693 ‚

793 755 1013 817 neque
1076 755 1344 817 semper
1404 734 1636 798 addito
1697 745 1947 816 poetae
2009 735 2280 798 nomine
2315 735 2359 818 ⁴)
2376 784 2390 810 ‚
2438 737 2560 798 sed
2606 735 2813 798 etiam
2858 735 2975 797 ali-

796 860 962 932 quot
1027 851 1197 914 locis
1268 852 1354 913 de
1421 849 1728 913 Homero
1790 851 2064 914 uberius
2129 851 2477 933 disputans
2537 850 2613 914 P.
2634 900 2648 926 ,
2715 851 2982 932 copiam

794 966 990 1029 nobis
1049 965 1213 1030 fecit
1274 968 1796 1050 cognoscendae
1859 967 2139 1031 rationis
2197 987 2332 1049 qua
2383 967 2453 1029 in
2498 967 2792 1049 antiquis
2839 986 2978 1030 car-

796 1083 1089 1146 minibus
1155 1083 1529 1146 iudicandis
1597 1093 1841 1147 utatur.
1935 1084 2109 1146 Nam
2182 1093 2258 1147 ut
2326 1084 2553 1146 omnia
2619 1085 2708 1146 ad
2776 1104 2981 1146 sanae

797 1199 1040 1262 mentis
1100 1209 1171 1263 et
1236 1220 1470 1263 sensus
1517 1200 1890 1264 communis
1936 1220 2244 1263 normam
2289 1201 2583 1283 dirigere
2630 1200 2806 1263 solet
2823 1248 2837 1275 ,
2885 1200 2980 1262 sic

794 1316 960 1379 nihil
1027 1314 1171 1379 fere
1241 1317 1305 1379 ei
1371 1319 1699 1398 probatur
1765 1317 1892 1380 nisi
1963 1318 2146 1399 quod
2206 1326 2324 1380 aut
2386 1337 2623 1380 verum
2689 1317 2776 1380 sit
2793 1366 2807 1391 ,
2872 1325 2988 1379 aut

797 1432 1159 1495 utilitatem
1246 1414 1516 1508 afferat]
1589 1442 1659 1496 et
1729 1442 2009 1496 eatenus
2078 1434 2435 1496 dumtaxat
2501 1432 2705 1495 laude
2773 1432 2982 1514 digna

800 1568 949 1610 esse
1011 1557 1244 1611 censet
1305 1548 1601 1611 carmina
1618 1597 1633 1624 ‚
1680 1558 2013 1630 quatenus
2057 1569 2167 1612 res
2211 1568 2454 1611 revera
2498 1558 2740 1630 gestae
2787 1547 2854 1610 in
2898 1547 2979 1609 iis

796 1664 1147 1727 tradantur
1212 1663 1327 1727 vel
1394 1664 1690 1746 aliquam
1758 1664 2121 1728 utilitatem
2181 1685 2272 1727 ex
2330 1665 2412 1726 iis
2475 1684 2720 1746 capere
2766 1663 2982 1744 possit

796 1778 1029 1842 lector.
1121 1777 1292 1843 Cum
1358 1789 1589 1842 autem
1656 1779 1804 1860 ipse
1872 1778 2015 1843 fere
2085 1800 2321 1843 omnes
2389 1799 2498 1843 res
2565 1779 2849 1863 egregie
2911 1787 2982 1841 et

795 1904 1075 1958 naturae
1137 1895 1618 1958 convenienter
1668 1896 2102 1976 perspexisse
2149 1896 2279 1958 sibi
2323 1895 2636 1958 videatur
2651 1943 2665 1971 ,
2712 1894 2975 1958 intelle-

799 2029 964 2093 gere
1010 2010 1244 2092 nequit
1289 2011 1403 2092 qui
1448 2009 1703 2073 factum
1750 2031 1900 2073 esse
1945 2010 2160 2092 possit
2176 2060 2190 2086 ‚
2231 2020 2306 2074 ut
2334 2009 2611 2073 fabulae
2644 2011 2982 2093 quaedam

798 2146 873 2189 se
933 2127 1154 2189 iudice
1216 2126 1488 2207 ineptae
1508 2174 1523 2199 ,
1587 2126 1879 2208 antiquis
1939 2146 2144 2189 verae
2205 2136 2275 2190 et
2319 2125 2455 2189 fide
2503 2127 2755 2209 dignae
2801 2126 2985 2188 vide-

799 2251 1060 2318 rentur;
1146 2243 1376 2324 itaque
1459 2242 1695 2306 statuit
1770 2241 2149 2305 Homerum
2226 2244 2565 2323 quaedam
2631 2243 2986 2305 mentitum

801 2378 982 2433 esse,
1030 2359 1154 2420 sed
1171 2407 1187 2440 ‚
1235 2378 1323 2420 ne
1370 2358 1552 2420 omni
1596 2356 1732 2420 fide
1765 2368 2056 2434 careret,
2090 2343 2225 2421 alia
2253 2378 2419 2421 vera
2461 2358 2900 2422 admiscuisse
2926 2356 2988 2437 5).

801 2473 1017 2536 Nobis
1084 2473 1359 2555 quidem
1429 2475 1796 2537 absurdum
1856 2475 2126 2538 videtur
2141 2524 2155 2546 ‚
2219 2475 2602 2538 discernere
2667 2495 2751 2537 ea
2811 2493 2985 2556 quae

800 2590 1140 2654 Homerus
1199 2591 1521 2655 mentitus
1581 2592 1667 2654 sit
1733 2592 1848 2654 vel
1895 2593 1980 2655 de
2028 2612 2150 2655 suo
2195 2590 2470 2656 finxerit
2485 2641 2499 2667 ‚
2547 2593 2635 2654 ab
2681 2591 2762 2654 iis
2807 2611 2982 2673 quae

802 2729 841 2771 e
908 2708 1195 2772 veritate
1263 2708 1630 2772 tradiderit.
1725 2705 1866 2772 Sed
1929 2718 2459 2773 consentaneum
2511 2718 2616 2772 est
2661 2708 2984 2790 aequales

799 2824 1075 2907 Polybii
1127 2824 1259 2886 hoc
1304 2822 1580 2899 fecisse,
1629 2844 1783 2887 cum
1831 2810 1916 2887 ea
1962 2834 2183 2899 aetas,
2230 2826 2533 2888 nondum
2578 2824 2694 2887 diu
2740 2843 2987 2905 apoe-

800 2950 1019 3003 tarum
1065 2939 1539 3021 superstitione
1585 2940 1878 3003 liberata
1892 2989 1906 3015 ‚
1953 2941 2243 3022 primum
2288 2939 2432 3003 fere
2463 2941 2885 3003 incumberet
2915 2939 2985 3000 in

803 3056 1292 3137 exquirendum
1339 3055 1501 3136 quid
1544 3075 1784 3117 verum
1830 3065 1900 3118 et
1930 3056 2286 3137 probabile
2321 3066 2530 3132 esset,
2564 3056 2726 3138 quid
2750 3055 2986 3118 minuS.

800 3169 1216 3253 Intellegere
1263 3172 1560 3233 nondum
1604 3180 1946 3252 poterant,
1993 3172 2063 3233 in
2091 3172 2331 3253 priscis
2362 3172 2785 3253 temporibus
2810 3191 2984 3252 quae

891 3446 934 3528 ¹)
975 3450 1040 3507 P.
1084 3449 1159 3507 V.
1207 3469 1238 3507 2
1283 3456 1311 3520 5
1354 3452 1410 3508 6.
1455 3483 1534 3491 —
1576 3447 1826 3509 Hesiod.
1869 3451 1939 3508 fr.
1984 3470 2060 3527 93
2106 3450 2327 3510 Goettl.
2362 3470 2478 3527 223
2508 3449 2840 3524 Marksch.;
2866 3450 2990 3509 Pol.

801 3549 906 3605 VI.
952 3567 1005 3606 c.
1053 3568 1084 3606 2
1130 3554 1158 3620 ς
1204 3549 1297 3606 18.

884 3644 934 3726 2)
974 3648 1040 3705 P.
1086 3647 1190 3705 IV.
1237 3665 1307 3722 31
1355 3653 1383 3717 5
1428 3663 1481 3723 5.
1524 3681 1604 3689 ——-
1644 3645 1815 3706 Pind.
1859 3647 1929 3706 fr.
1977 3648 2092 3706 228
2136 3646 2358 3707 Boekh.
2403 3682 2482 3690 —
2525 3649 2601 3707 86
2645 3647 2858 3726 Bergk.

887 3742 936 3825 3)
976 3747 1041 3805 P.
1085 3747 1132 3804 I.
1179 3761 1252 3822 35
1297 3752 1325 3818 ς
1366 3764 1424 3818 4.
1467 3780 1547 3789 —-
1587 3744 1834 3822 Antiop.
1877 3745 1948 3804 fr.
1995 3765 2109 3805 220
2152 3743 2418 3826 (Dind.);
2461 3748 2526 3806 P.
2556 3747 2632 3806 V.
2668 3748 2994 3818 10654—

798 3845 869 3903 fr.
912 3842 1029 3904 inc.
1073 3845 1210 3921 986.
1271 3910 1277 3917 ,

885 3941 936 4023 4)
977 3942 1073 4003 Sic
1114 3944 1281 4002 VIII.
1327 3960 1358 4020 5
1403 3949 1432 4012 ἓ
1476 3961 1511 4018 3
1553 3942 1862 4002 referenda
1901 3941 2136 4003 videtur
2178 3943 2258 4002 ad
2290 3942 2641 4004 sententiam
2669 3941 2966 4022 Euripidis
2977 3964 2995 4017 3

801 4043 877 4099 V.
931 4062 1004 4119 32
1063 4050 1092 4113 ἓ
1151 4062 1177 4100 1
1233 4060 1320 4118 sq.
1361 4040 1441 4099 ad
1484 4039 1739 4100 Hesiodi
1777 4038 1851 4122 (οἱ
1890 4047 2108 4125 ἀρχαῖοι
2142 4048 2237 4108 τὴν
2276 4049 2448 4123 ἀρχὴν
2486 4051 2643 4124 ἥμισυ
2678 4054 2771 4104 τοῦ
2809 4045 3000 4111 παντὸς

800 4142 933 4202 εἶναι
967 4140 1266 4222 φάσκοντες)
1278 4161 1296 4215 3
1339 4140 1446 4200 cfr.
1487 4141 1620 4199 Ind.
1662 4138 2165 4218 Schweighauseri
2180 4186 2196 4215 ,
2239 4139 2341 4217 qui
2374 4139 2599 4218 aliquot
2626 4142 2789 4202 locos
2819 4160 2997 4217 supra

800 4239 1073 4298 laudatos
1114 4238 1327 4299 omisit.

884 4336 935 4417 ⁵)
976 4339 1042 4395 P.
1084 4339 1362 4397 XXXIV.
1408 4357 1461 4396 c.
1511 4358 1541 4395 2
1587 4344 1615 4410 ς
1662 4357 1714 4395 1.
