3375 5084
1379 319 1499 392 169

352 527 531 569 mum
579 507 939 570 accederet
983 506 1315 589 Polybius
1359 507 1438 590 (a.
1495 529 1516 569 1
1533 508 1664 589 83),
1713 507 1976 571 iuvenis
2021 517 2283 571 tantum
2328 509 2501 571 vidit
2517 557 2531 581 ,

348 633 414 686 et
474 643 631 686 cum
692 623 842 685 aliis
901 623 1263 686 illustrium
1318 623 1761 687 Achaeorum
1812 623 1967 687 filiis
2014 644 2254 687 urnam
2298 624 2527 688 Philo-

348 739 694 820 poemenis
770 740 1069 822 gestavit
1124 736 1197 822 1);
1273 740 1344 803 in
1420 740 1565 803 eius
1641 741 2036 803 memoriam
2112 750 2251 804 tres
2323 740 2534 804 libros

349 856 613 938 scripsit
628 904 643 932 ,
714 856 961 938 quibus
1030 857 1116 920 de
1183 856 1740 940 Philopoemenis
1805 858 2157 921 iuventute
2220 858 2495 939 copiose
2517 906 2532 933 ‚

344 970 618 1033 brevius
681 972 768 1034 de
826 973 1033 1035 rebus
1094 981 1321 1036 aetate
1380 972 1558 1036 virili
1617 973 1835 1056 gestis
1851 1022 1866 1048 ,
1926 974 2073 1056 egit
2111 972 2172 1055 2).
2263 973 2414 1037 Res
2459 974 2531 1036 in

347 1087 476 1150 hac
522 1087 916 1150 laudatione
956 1085 999 1169 ³)
1046 1088 1333 1170 scriptas
1377 1088 1447 1150 in
1491 1089 1775 1151 historia
1819 1088 1962 1152 fere
2010 1088 2325 1171 repetivit
2354 1088 2429 1171 ⁴);
2461 1090 2532 1151 in

345 1202 470 1264 hos
516 1202 604 1265 de
650 1201 1187 1285 Philopoemene
1234 1203 1445 1266 libros
1486 1203 1817 1286 Polybius
1849 1205 2133 1288 collegit
2163 1224 2337 1286 quae
2372 1214 2535 1268 tunc

277 1360 282 1365 -
346 1317 484 1381 fere
531 1319 707 1382 inter
750 1320 1147 1400 populares,
1194 1319 1261 1382 in
1307 1320 1542 1401 primis
1587 1320 1765 1383 inter
1807 1320 2150 1403 principes
2186 1319 2538 1383 Achaicae

342 1434 687 1498 societatis
750 1434 932 1497 viros
949 1482 964 1508 ,
1013 1436 1099 1498 de
1146 1434 1681 1517 Philopoemene
1728 1435 2120 1500 ferebantur
2164 1437 2283 1520 (sic
2327 1436 2402 1512 P.
2449 1436 2536 1499 Π.

344 1570 397 1613 c.
467 1555 549 1614 68
616 1556 647 1628 g
718 1573 741 1612 1
805 1550 1066 1634 »φασῗᾎ
1113 1551 1369 1627 ferunt,
1416 1551 1850 1634 Antigonum
1895 1562 2056 1634 post
2099 1573 2405 1635 pugnam
2451 1555 2540 1615 ad

347 1663 708 1729 Sellasiam
761 1666 1079 1730 iuvenem
1136 1667 1664 1743 collaudavisse3
1714 1669 1829 1732 sic.
1875 1667 1951 1731 P.
1999 1668 2126 1731 XI.
2176 1689 2231 1732 c.
2289 1674 2364 1732 16
2414 1673 2445 1745 g
2497 1688 2531 1746 5
2562 1674 2575 1683 ‘

343 1782 952 1864 Philopoemenem
1029 1782 1332 1846 defendit
1411 1793 1646 1847 contra
1727 1784 2225 1847 criminationes
2305 1804 2541 1847 eorum

346 1898 462 1979 qui
508 1917 665 1961 eum
710 1899 780 1961 in
823 1899 1087 1981 proelio
1134 1899 1223 1961 ad
1253 1899 1674 1962 Mantineam
1709 1920 2015 1982 pugnam
2046 1900 2539 1963 detrectavisse

344 2016 753 2090 credebant,
854 2016 966 2092 „01³1
1044 2019 1444 2102 φυγομαχῶν
1473 2065 1489 2098 ,
1569 2014 1654 2090 ὥς
1735 2041 1908 2091 τινες
1985 2013 2538 2101 ὖπελάμβανον”);

339 2132 748 2213 praecipuus
795 2141 980 2196 certe
1027 2133 1092 2195 ei
1138 2142 1400 2196 auctor.
1420 2132 1547 2196 fuit
1590 2143 1791 2215 pater
1831 2133 2183 2215 Lycortas·
2256 2133 2325 2195 Is
2357 2134 2537 2196 enim

339 2268 450 2310 res
522 2268 565 2310 a
632 2248 1167 2330 Philopoemene
1229 2258 1464 2332 gestas
1523 2249 1888 2331 plerasque
1949 2269 2273 2330 praesens
2329 2248 2533 2323 vidit3

345 2385 504 2428 eum
580 2364 911 2446 equitatui
984 2365 1406 2447 praefectum
1482 2365 1863 2429 interfuisse
1942 2366 2191 2428 scimus
2259 2384 2537 2447 pugnae

341 2501 498 2544 cum
566 2480 834 2545 Nabide
903 2501 961 2544 a.
1035 2503 1164 2561 290
1231 2490 1504 2565 gestae,
1572 2481 1667 2564 (P.
1732 2501 1839 2562 ap.
1900 2481 2048 2544 Liv.
2110 2479 2428 2543 XXXV.
2477 2501 2532 2543 e.

344 2616 642 2675 25—30,
700 2597 776 2660 P.
823 2618 930 2680 ap.
977 2598 1154 2661 Plut.
1202 2598 1376 2660 Phil.
1426 2618 1480 2661 c.
1538 2598 1669 2679 14);
1720 2598 1925 2660 etiam
1971 2596 2147 2660 inter
2194 2616 2315 2659 eos
2362 2605 2538 2669 erat,

338 2734 469 2796 pro
529 2734 815 2795 quorum
872 2715 1090 2778 salute
1137 2714 1638 2796 Philopoemen
1687 2734 1903 2777 senex
1948 2712 2162 2776 vitam
2209 2712 2397 2776 dedit
2441 2712 2536 2795 (P.

342 2850 451 2912 ap.
499 2829 676 2893 Plut.
723 2830 897 2893 Phil.
945 2851 1001 2894 c.
1054 2831 1156 2913 20)
1174 2880 1188 2906 ,
1236 2840 1307 2894 et
1350 2831 1586 2912 paullo
1631 2840 1791 2912 post
1837 2830 1983 2893 eius
2027 2837 2316 2892 mortem
2350 2829 2535 2891 ultus

341 2956 467 3009 est.
516 2983 599 2992 —-
650 2945 845 3028 Quae
893 2948 979 3010 de
1025 2946 1245 3010 Arato
1291 2947 1586 3028 scripsit,
1635 2966 1890 3028 magna
1936 2966 2027 3008 ex
2070 2954 2266 3026 parte
2312 2944 2536 3007 eidem
2652 2959 2659 2963 ·

340 3061 545 3137 fonti,
607 3064 951 3126 traditioni
1014 3063 1227 3145 patris
1274 3072 1345 3127 et
1390 3063 1760 3126 amicorum
1779 3111 1793 3137 ,
1841 3062 2168 3136 attribuo;
2215 3061 2301 3124 Π.
2349 3082 2404 3124 e.
2455 3067 2537 3139 48

341 3199 526 3260 sqq.;
588 3178 707 3242 IV.
771 3200 825 3243 c.
891 3186 928 3243 8
994 3180 1237 3262 (mores
1293 3178 1544 3261 Arati),
1603 3200 1658 3243 c.
1709 3199 1922 3258 9—-13
1974 3178 2233 3260 (pugna
2277 3178 2366 3240 ad
2414 3176 2539 3241 Ca-

339 3294 618 3377 phyas),
683 3316 736 3359 c.
802 3300 1064 3376 67—76
1127 3305 1198 3359 et
1260 3302 1337 3359 82
1403 3296 1683 3378 (bellum
1742 3292 2047 3375 sociale),
2094 3293 2350 3357 Aratus
2394 3293 2539 3356 fere
2607 3287 2614 3303 ⁴

344 3410 643 3492 primum
689 3412 759 3473 in
803 3412 1187 3475 narratione
1233 3411 1460 3475 locum
1508 3411 1771 3474 obtinet
1788 3458 1803 3485 ,
1848 3429 2072 3491 neque
2091 3459 2104 3485 ,
2137 3418 2214 3472 ut
2243 3419 2397 3473 sunt
2422 3410 2539 3490 qui

347 3527 633 3590 credant
650 3576 664 3602 ‚
727 3527 899 3590 haec
963 3547 1170 3590 causa
1229 3547 1379 3590 esse
1423 3536 1653 3609 potest
1671 3575 1684 3601 ,
1733 3528 1917 3608 quod
1962 3526 2295 3608 Polybius
2340 3525 2539 3588 Arati

347 3644 873 3707 commentarios
920 3644 1396 3720 consuluisset,
1446 3664 1605 3707 nam
1651 3644 1722 3706 hi
1753 3643 1931 3706 ultra
1963 3663 2211 3705 annum
2248 3663 2322 3704 22
2341 3664 2364 3703 1
2404 3661 2541 3703 non

345 3763 834 3843 procedebant.
925 3761 1221 3825 Accedit
1286 3762 1468 3843 quod
1526 3762 1595 3823 in
1648 3760 1731 3823 iis
1776 3760 2083 3842 partibus
2128 3758 2533 3841 Megalopo-

444 4056 482 4136 ¹)
523 4057 680 4115 Plut.
720 4055 865 4114 Phil.
912 4077 963 4115 c.
1012 4076 1106 4116 21.

434 4155 807 4235 2)P.X.c.
855 4163 1212 4231 21§5sq.

439 4255 487 4335 3)
530 4253 679 4315 Ibid.
723 4262 750 4326 ξ
794 4256 829 4314 8
871 4260 1030 4324 τόπος
1061 4261 1482 4335 ἐγκωμιαστικός.

437 4353 487 4434 4)
529 4353 679 4413 Ibid.
723 4361 750 4425 ξ
797 4371 848 4428 7·
