3375 5084
1424 369 1563 426 223

492 540 565 602 P.
630 539 894 603 XVIH.
958 561 1014 603 c.
1081 563 1165 618 44
1225 539 1466 604 foedus
1523 543 1727 605 Rom.
1786 564 1939 606 cum
1986 545 2305 626 Philippo
2353 568 2410 609 a.
2469 553 2588 624 196

402 655 496 737 (τὸ
562 663 671 735 τῆς
736 653 1100 739 συγκλήτου
1169 654 1377 739 δόγμα
1441 679 1482 719 a
1542 659 1947 722 decemviris
1993 662 2275 723 allatum
2322 673 2393 726 et
2438 684 2594 726 cum

409 770 690 835 Graecis
735 774 935 836 sociis
982 774 1551 837 communicatum
1597 775 1672 857 (e.
1724 796 1804 853 45
1857 781 1887 852 ἕ
1945 777 2033 857 1)).

494 888 569 951 Ρ.
635 889 840 951 XXI.
905 911 959 952 c.
1017 912 1093 968 14
1139 890 1340 953 Pacis
1387 892 1805 954 conditiones
1851 891 2196 957 Antiocho
2244 915 2286 956 a
2331 892 2592 977 Scipio-

401 1004 602 1066 nibus
663 1005 1019 1086 impositae
1066 1026 1122 1068 a.
1180 1028 1202 1068 1
1218 1028 1303 1084 90
1349 1016 1714 1088 antequam
1761 1009 1848 1070 de
1894 1028 2067 1089 pace
2112 1009 2385 1072 Romae
2434 1031 2590 1073 con-

399 1129 680 1183 ventum
750 1130 911 1184 erat.
1021 1121 1168 1185 Has
1238 1123 1660 1216 conditiones
1680 1173 1696 1198 ‚
1770 1134 1840 1186 et
1909 1126 2249 1188 orationes
2317 1135 2463 1189 tum
2524 1127 2594 1189 in

402 1236 639 1299 castris
701 1237 968 1300 habitas
1030 1238 1390 1319 (pleniores
1457 1247 1697 1301 extant
1752 1259 1859 1320 ap.
1906 1240 2054 1303 Liv.
2101 1240 2489 1303 XXXVII.
2536 1262 2592 1304 c.

405 1351 513 1432 45)
573 1352 913 1433 pertinere
961 1353 1217 1434 'opinor
1275 1355 1363 1415 ad
1420 1364 1770 1417 auctorem
1825 1355 2018 1417 illum
2066 1355 2459 1418 Romanum
2506 1357 2591 1418 de

399 1470 604 1531 rebus
651 1466 988 1550 Scipionis
1033 1470 1261 1552 (supra
1307 1490 1372 1551 p.
1424 1471 1589 1551 203).

491 1583 564 1645 P.
632 1583 907 1647 XXVI.
978 1605 1034 1647 ο.
1108 1591 1147 1648 6
1219 1591 1249 1661 5
1323 1607 1539 1663 3——14
1609 1586 1849 1649 foedus
1916 1587 2238 1651 Eumenis
2309 1588 2592 1652 Prusiae

402 1698 785 1763 Ariarathis
832 1721 986 1763 cum
1032 1701 1388 1764 Pharnace
1436 1702 1831 1765 Mithridate
1882 1724 1939 1765 a.
1998 1726 2019 1765 1
2037 1724 2118 1784 79
2166 1704 2436 1768 factum.

492 1815 566 1877 P.
630 1815 981 1891 XXXIII.
1045 1838 1100 1880 c.
1172 1839 1193 1878 1
1216 1840 1237 1879 1
1295 1817 1535 1881 foedus
1580 1818 1802 1881 Attali
1851 1840 2007 1882 cum
2051 1820 2291 1883 Prusia
2336 1842 2394 1883 a.
2452 1844 2473 1882 1
2491 1842 2591 1900 54.

492 1931 608 1994 Ad
670 1933 1140 2014 inscriptiones
1199 1934 1542 2015 pertinent
1604 1936 1844 1998 tabula
1888 1935 2148 1998 Lacinii
2194 1936 2334 2019 (III.
2383 1958 2439 1999 c,
2492 1938 2593 2020 23)

401 2057 473 2110 et
519 2048 754 2110 tabula
797 2046 1136 2130 pontificis
1150 2099 1165 2124 ‚
1214 2050 1301 2112 de
1347 2051 1595 2132 quibus
1641 2072 1847 2133 supra
1891 2053 2024 2134 egi.

1131 2338 1262 2409 VI.
1355 2339 1552 2410 Aeta
1596 2339 1859 2411 latina.

487 2627 771 2709 Quoties
818 2629 1041 2691 adhuc
1088 2628 1352 2710 egimus
1400 2629 1487 2691 de
1533 2630 1842 2709 partibus
1888 2629 2286 2711 Polybianis
2307 2679 2322 2704 ‚
2360 2631 2448 2692 ad
2479 2650 2587 2693 res

398 2745 673 2826 proprie
719 2745 1073 2808 Romanas
1119 2754 1275 2826 post
1319 2746 1582 2808 bellum
1626 2745 2157 2809 Hannibalicum
2198 2747 2591 2828 pertinenti-

397 2862 526 2923 bus
541 2908 557 2935 ,
635 2881 752 2923 eas
826 2859 1127 2924 fontibus
1194 2861 1310 2923 vel
1386 2862 1778 2924 auctoribus
1851 2859 2132 2925 Graecis
2203 2862 2589 2925 adscribere

397 2977 758 3057 potuimus
866 2974 1194 3057 Superest
1263 2986 1340 3040 ut
1413 2979 1849 3040 ostendamus
1909 2978 2204 3058 reliquas
2266 2997 2441 3058 quae
2504 2980 2592 3040 ad

401 3093 584 3156 idem
674 3094 998 3176 temporis
1079 3094 1370 3174 spatium
1446 3095 1831 3175 pertineant
1908 3094 2112 3157 etiam
2186 3094 2589 3177 plerumque

398 3207 683 3273 Graecis
749 3209 1047 3273 fontibus
1115 3212 1383 3286 deberi;
1455 3221 1609 3274 acta
1679 3211 1959 3292 publica
2020 3211 2232 3273 latina
2294 3212 2592 3294 (annales

399 3324 755 3407 maximos)
822 3346 960 3388 non
1029 3325 1369 3389 consuluit
1436 3326 1797 3409 Polybius;
1868 3327 2211 3389 annalium
2277 3336 2591 3390 auctores

394 3440 647 3503 latinos
690 3440 955 3503 nonnisi
1000 3460 1153 3503 raro
1199 3441 1524 3504 adhibuit.

488 3555 673 3618 Inter
732 3575 942 3618 annos
1004 3578 1128 3635 249
1180 3593 1262 3602 --
1311 3570 1470 3619 ante
1526 3578 1547 3617 1
1570 3578 1646 3634 14
1692 3557 1966 3619 Romae
2013 3576 2160 3618 mos
2205 3557 2433 3619 stabat
2450 3603 2464 3630 ‚
2510 3566 2586 3618 ut

398 3671 715 3754 singulae
761 3692 893 3746 res,
939 3682 1144 3755 prout
1189 3693 1421 3736 earum
1468 3672 1772 3755 cognitio
1818 3673 2120 3736 Romam
2149 3681 2584 3753 pervenerat,

395 3807 522 3870 per
580 3788 885 3871 singulos
942 3789 1088 3851 dies
1150 3809 1192 3850 a
1235 3786 1555 3870 pontifice
1600 3787 2129 3852 inscriberentur
2169 3789 2238 3850 in
2284 3788 2587 3850 tabulam

401 3923 625 3985 gypso
692 3904 976 3966 oblitam
994 3951 1008 3977 ,
1055 3913 1130 3967 ut
1173 3905 1431 3986 populo
1478 3905 1678 3986 copia
1722 3906 1999 3968 daretur
2043 3924 2198 3967 cum
2241 3902 2377 3966 fide
2424 3917 2586 3985 qua-

402 4020 560 4081 dam
584 4027 676 4082 et
721 4030 1045 4101 quantum
1090 4018 1236 4082 fieri
1280 4030 1515 4102 posset
1560 4021 1879 4085 citissime
1927 4020 2388 4103 cognoscendi
2421 4020 2587 4100 quid

400 4144 627 4198 actum
688 4144 869 4198 esset
929 4135 1183 4216 quidve
1236 4136 1588 4217 republica
1634 4136 1781 4199 sive
1825 4136 2014 4199 bello
2060 4135 2205 4198 sive
2251 4155 2424 4217 pace
2469 4132 2584 4197 fie-

399 4259 521 4313 ret.
572 4288 655 4295 ——
703 4252 854 4314 Res
904 4252 1034 4315 hac
1079 4252 1342 4315 ratione
1387 4254 1805 4336 conscriptas
1851 4252 2192 4315 annalium
2236 4252 2584 4314 Romano-

399 4385 550 4428 rum
610 4368 972 4448 scriptores
1033 4367 1460 4450 collegerunt
1519 4378 1587 4431 et
1647 4350 2095 4449 undecunque
2152 4368 2467 4449 expletas
2514 4378 2585 4430 et
