3375 5084
1464 359 1590 418 219

434 530 580 592 sive
641 531 729 591 ab
778 531 912 592 alio
961 531 1303 593 annalium
1349 532 1676 614 scriptore
1694 582 1708 608 ,
1760 542 2026 596 constat
2070 532 2440 614 Polybium
2489 544 2622 596 sta-

428 645 638 708 tuisse
693 646 981 709 Brutum
1026 656 1096 709 et
1141 646 1502 710 Horatium
1546 649 1801 730 primos
1848 650 2163 712 consules
2211 649 2418 712 fuisse
2464 659 2623 731 post

430 781 636 843 reges
706 773 1005 826 exactos
1107 762 1333 826 Etiam
1400 765 1573 828 haec
1640 785 1751 828 res
1819 766 2061 829 suadet
2127 775 2203 828 ut
2266 767 2620 828 credamus

431 898 588 940 eum
622 888 930 942 secutum
963 900 1112 942 esse
1144 889 1496 943 auctorem
1528 880 1825 963 aliquem
1849 881 2121 944 minime
2146 882 2618 963 spernendum,

434 1003 669 1056 contra
724 1004 1066 1058 vetustate
1112 997 1347 1079 magni
1392 995 1795 1060 faciendum.
1887 997 2255 1079 Templum
2303 979 2627 1079 Capitoli-

433 1129 595 1170 num
663 1130 704 1171 a
773 1110 1011 1173 Marco
1073 1110 1361 1175 Horatio
1424 1113 1704 1175 consule
1768 1113 2158 1192 dedicatum
2175 1161 2189 1188 ‚
2252 1123 2327 1176 ut
2389 1113 2630 1194 priscis

433 1225 768 1289 Romanis
828 1225 957 1291 fuit
1017 1227 1276 1291 initium
1340 1249 1382 1290 a
1426 1249 1561 1311 quo
1608 1250 1938 1292 annorum
1981 1249 2301 1292 numeros
2351 1205 2628 1310 compu-

434 1350 657 1404 tarent
711 1339 754 1423 1)
821 1337 918 1406 sic
986 1344 1184 1407 nobis
1243 1344 1435 1426 quasi
1494 1346 1819 1408 terminus
1888 1346 2162 1428 quidam
2211 1354 2404 1408 extat
2449 1346 2630 1408 ultra

440 1477 644 1537 quem
717 1458 787 1520 in
863 1479 1189 1522 annorum
1267 1469 1337 1523 et
1413 1462 1766 1524 consulum
1853 1462 2087 1524 ordine
2158 1461 2635 1524 constituendo

437 1575 763 1657 progredi
823 1576 1021 1638 nobis
1079 1597 1217 1639 non
1271 1576 1435 1640 licet
1451 1626 1465 1654 ‚
1512 1578 1640 1641 nisi
1687 1578 2039 1661 enigmata
2083 1579 2353 1641 solvere
2404 1579 2630 1641 stude-

440 1710 588 1752 mus
601 1739 616 1764 ,
673 1691 744 1752 in
787 1710 1030 1774 regum
1076 1693 1267 1756 annis
1314 1702 1503 1756 certo
1550 1694 2037 1758 constituendis
2082 1693 2332 1757 frustra
2380 1694 2633 1757 incum-

441 1807 700 1871 bentes,
792 1806 1267 1889 Antiquissimi
1311 1811 1666 1873 consulum
1711 1809 1866 1873 fasti
1881 1858 1895 1884 ,
1942 1811 2010 1872 in
2056 1812 2229 1873 aede
2262 1809 2632 1893 capitolina

440 1922 692 2001 servati
709 1970 724 1996 ‚
789 1924 878 1985 ad
931 1924 1112 1987 hunc
1159 1945 1408 1987 annum
1454 1922 1840 1989 ascendisse
1886 1927 2199 1989 videntur
2245 1936 2315 1989 et
2361 1925 2419 1988 si
2465 1927 2629 2007 quid

437 2038 508 2099 in
576 2038 705 2101 hac
776 2047 971 2119 parte
1033 2040 1356 2103 historiae
1418 2042 1782 2105 Romanae
1842 2041 1977 2105 fide
2041 2043 2323 2125 dignum
2380 2050 2486 2105 est
2502 2090 2517 2116 ,
2564 2042 2634 2103 id

442 2154 627 2233 quod
717 2156 1064 2218 antecedit
1143 2156 1322 2219 hanc
1398 2158 1899 2220 dedicationem
1975 2167 2160 2221 certe
2237 2158 2421 2220 omni
2495 2155 2650 2248 fide

444 2268 933 2352 chronologica
995 2281 1183 2334 caret
1243 2281 1314 2334 et
1372 2272 1648 2355 ingenio
1710 2273 2163 2336 recentiorum
2207 2273 2632 2335 reddendum

443 2395 563 2449 est.
657 2385 812 2449 Non
877 2408 1039 2451 casu
1099 2379 1358 2451 factum
1421 2400 1526 2453 est
1571 2399 1649 2452 ut
1695 2409 1849 2453 cum
1893 2389 2014 2452 illo
2061 2389 2350 2452 Horatio
2397 2389 2634 2471 iunge-

444 2514 630 2567 retur
690 2504 971 2580 Brutus‚
1035 2524 1237 2585 quem
1297 2503 1481 2567 fama
1534 2504 1801 2568 ferebat
1854 2506 2094 2568 urbem
2141 2525 2183 2567 a
2227 2524 2471 2587 regum
2517 2505 2633 2567 do-

444 2621 703 2683 minatu
763 2621 1202 2696 liberavisse;
1266 2620 1555 2684 Brutum
1617 2623 1861 2684 eodem
1921 2640 2099 2683 anno
2145 2620 2638 2701 rempublicam

448 2736 875 2800 constituisse
936 2756 1072 2817 quo
1130 2736 1457 2800 Horatius
1504 2737 1916 2819 Capitolium
1963 2736 2417 2799 dedicavisset
2460 2736 2637 2799 hanc

449 2873 651 2915 unam
716 2854 804 2914 ob
868 2872 1143 2916 causam
1207 2852 1556 2916 inventum
1603 2862 1674 2916 et
1720 2853 2087 2916 memoriae
2134 2852 2456 2915 traditum
2503 2861 2608 2914 est
2624 2900 2639 2926 ‚

448 2977 526 3031 ut
584 2969 887 3043 videtur,
945 2968 1104 3049 quia
1162 2968 1279 3030 ille
1342 2989 1555 3032 annus
1600 2969 1902 3044 Horatii,
1948 2968 2205 3050 primus
2250 2968 2368 3049 qui
2412 2978 2638 3049 poste-

449 3085 740 3147 rioribus
814 3093 1015 3147 notus
1092 3094 1239 3148 erat
1254 3134 1269 3160 ,
1341 3086 1547 3148 etiam
1616 3086 1872 3167 primus
1939 3084 2356 3166 reipublicae
2427 3105 2641 3147 annus

447 3198 655 3263 fuisse
739 3202 1159 3265 credebatur.
1213 3262 1218 3268 ,
1274 3199 1415 3266 Sed
1488 3202 1569 3265 iis
1594 3251 1608 3277 ,
1679 3203 1797 3284 qui
1865 3203 2209 3265 addebant
2277 3201 2639 3264 Horatium

452 3316 799 3379 consulem
867 3316 1199 3397 templum
1267 3317 1692 3380 dedicavisse
1763 3318 2006 3380 eodem
2069 3318 2178 3379 die
2243 3336 2378 3398 quo
2424 3314 2640 3396 magi-

451 3441 736 3495 stratum
802 3433 1061 3503 iniisset
1084 3481 1099 3508 ,
1169 3433 1445 3514 aliquod
1514 3443 1783 3515 tempus
1852 3433 2271 3514 explendum
2337 3432 2640 3494 restabat

456 3551 631 3611 inter
678 3549 859 3612 diem
903 3548 1226 3631 regifugii
1272 3560 1342 3613 et
1372 3549 1818 3613 dedicationis
1834 3596 1849 3622 ,
1874 3549 2103 3630 itaque
2135 3548 2306 3610 alios
2335 3546 2646 3610 consules

455 3665 909 3746 praecessisse
971 3664 1330 3727 Horatium
1401 3666 1808 3728 statuebant.
1902 3662 2043 3728 Sed
2105 3684 2189 3726 ea
2248 3661 2483 3744 paullo
2543 3681 2644 3723 re-

462 3781 764 3844 centiora
831 3791 985 3844 sunt
1001 3830 1016 3857 ‚
1087 3791 1158 3844 et
1224 3781 1759 3862 antiquissimam
1820 3780 2246 3844 traditionem
2314 3777 2646 3859 Polybius

457 3898 656 3961 nobis
701 3897 1016 3961 servavit.

547 4082 591 4163 ¹)
645 4081 793 4141 Plin.
849 4085 926 4142 N.
988 4084 1070 4142 H.
1112 4083 1396 4143 XXXIII.
1447 4103 1498 4142 1.
1549 4103 1652 4161 19:
1713 4080 1993 4165 „Flavius
2033 4079 2197 4140 vovit
2239 4078 2450 4138 aedem
2494 4078 2650 4136 Con-

457 4181 806 4242 cordiae...
849 4181 1175 4259 inciditque
1215 4181 1276 4240 in
1316 4183 1533 4242 tabella
1573 4201 1749 4242 aerea
1789 4182 2007 4240 factam
2035 4198 2168 4239 eam
2199 4177 2410 4237 aedem
2434 4176 2647 4236 CCIII.

456 4282 625 4342 annis
664 4293 800 4359 post
842 4281 1238 4359 Capitolinam
1281 4281 1619 4343 dedicatam
1662 4282 1848 4341 esse.”
1933 4279 2051 4339 Csr.
2093 4280 2434 4338 Mommsen
2469 4278 2647 4335 Rom.

458 4383 680 4442 Chron.
723 4403 783 4458 p.
832 4401 944 4458 199
989 4401 1117 4459 sqq.
