3375 5084
1392 377 1512 438 179

360 570 513 612 nem
557 550 877 632 periculis
924 549 1271 613 incitatam
1315 551 1544 631 potius
1576 571 1780 631 quam
1811 551 2138 613 domitam
2172 549 2227 633 ¹),
2253 552 2544 632 priscam

358 667 821 749 integritatem
897 686 1072 747 quae
1146 666 1336 728 nulla
1409 666 1701 747 pecunia
1780 667 2116 748 corrumpi
2184 676 2418 748 posset
2471 666 2542 748 ²),

359 803 770 864 quamquam
839 802 990 845 eam
1060 802 1183 844 sua
1250 791 1476 845 aetate
1538 782 1673 844 iam
1734 782 2056 845 rariorem
2117 769 2268 845 esse
2335 783 2430 845 ait
2471 780 2545 863 3);
2614 789 2619 794 ’

357 896 563 960 fidem
623 908 694 961 et
756 897 1160 980 dignitatem
1221 916 1396 978 quae
1441 897 1718 960 insidias
1765 906 1835 960 et
1877 908 2207 961 nocturna
2250 899 2545 980 proelia,
2666 974 2670 983 .

358 1015 744 1076 simulatam
812 1013 1049 1095 fugam
1118 1013 1656 1095 improvisosque
1723 1014 1813 1076 ad
1873 1012 2216 1077 incautum
2281 1014 2549 1077 hostem

357 1130 614 1193 reditus
679 1139 1030 1210 sperneret
1089 1150 1313 1212 neque
1368 1139 1519 1192 astu
1564 1130 1788 1212 magis
1836 1151 2042 1212 quam
2088 1150 2253 1192 vera
2296 1130 2546 1192 virtute

361 1247 773 1328 gloriaretur
824 1244 887 1325 ⁴).
1003 1242 1146 1309 Sed
1211 1265 1347 1307 non
1415 1245 1614 1308 latuit
1674 1245 2042 1327 Polybium
2096 1246 2221 1308 has
2264 1246 2549 1308 virtutes

359 1360 505 1424 fere
552 1362 641 1424 ad
685 1371 954 1442 tempus
1000 1370 1229 1424 actum
1275 1360 1648 1441 pertinere;
1681 1360 2093 1443 integritatis
2122 1363 2258 1423 duo
2289 1370 2550 1424 tantum

356 1476 649 1558 insignia
711 1477 1032 1558 exempla
1089 1473 1379 1557 profert,
1433 1475 1509 1538 L.
1556 1475 1757 1539 Aem.
1802 1475 2121 1539 Paullum
2167 1486 2238 1539 et
2281 1477 2356 1540 P.
2403 1474 2550 1541 Sci-

357 1593 635 1673 pionem
680 1592 1035 1666 minorem3
1083 1589 1289 1654 fidem
1336 1600 1406 1654 et
1453 1592 1857 1674 dignitatem
1903 1593 1971 1654 in
2002 1594 2204 1656 rebus
2229 1593 2549 1675 gerendis

362 1710 596 1773 colunt
667 1719 974 1784 „veteres
1038 1718 1109 1772 et
1168 1709 1374 1771 moris
1428 1709 1685 1791 antiqui
1732 1708 2099 1772 memores''
2118 1758 2132 1784 ‚
2179 1711 2302 1772 sed
2347 1729 2555 1790 saepe

357 1847 402 1888 a
447 1825 818 1889 iunioribus
865 1835 1271 1908 superantur
1301 1825 1376 1907 δ);
1425 1826 1493 1888 in
1527 1826 1731 1889 bellis
1765 1826 2092 1909 exiguum
2121 1826 2326 1888 modo
2356 1827 2555 1889 huius

364 1941 717 2024 dignitatis
765 1951 1075 2023 superest
1121 1941 1489 2024 vestigium
1535 1943 1720 2024 apud
1768 1942 2124 2005 Romanos
2143 1940 2204 2023 ⁶).
2268 1942 2558 2004 Iuvenes

357 2058 667 2120 Romani
729 2058 799 2119 in
860 2077 1109 2138 pueros
1173 2058 1503 2121 delicatos
1550 2067 1621 2121 et
1666 2057 2058 2121 meretrices
2102 2067 2411 2139 sumptus
2456 2056 2551 2119 fa-

360 2174 546 2237 ciunt
565 2222 578 2248 ,
635 2174 1093 2236 auditionibus
1141 2183 1211 2236 et
1254 2174 1718 2255 potationibus
1765 2174 1976 2237 dediti
2021 2183 2176 2236 sunt
2193 2222 2206 2248 ,
2257 2171 2558 2236 Graecos

360 2308 588 2352 mores
657 2309 830 2370 quos
904 2289 1182 2352 Persico
1248 2289 1438 2352 bello
1508 2299 1977 2372 cognoverant
2043 2289 2286 2352 imitati
2330 2287 2407 2369 ⁷);
2474 2309 2558 2350 eo

362 2405 588 2488 magis
635 2402 870 2486 Scipio
918 2405 1333 2469 continentia
1377 2426 1500 2468 sua
1545 2405 1721 2468 inter
1766 2425 2001 2468 omnes
2048 2405 2394 2468 excelluit.

456 2520 715 2602 Quodsi
789 2532 1016 2585 tamen
1084 2521 1239 2584 illas
1313 2522 1598 2584 virtutes
1668 2521 2140 2584 Romanorum
2209 2520 2421 2583 indoli
2490 2529 2560 2582 et

361 2647 650 2700 naturae
706 2638 806 2721 (τῇ
853 2648 985 2703 τῶν
1036 2639 1383 2721 ς1ῑ>ιιιηααιίυν
1433 2635 1696 2719 αἱρέσει)
1742 2638 1977 2700 tribuit
2020 2636 2382 2718 Polybius,
2427 2636 2559 2698 hac

362 2773 443 2815 re
505 2751 790 2827 fallitur,
853 2754 1094 2833 opinor
1111 2802 1124 2827 ‚
1190 2755 1374 2834 quod
1432 2773 1601 2834 quas
1648 2753 1785 2815 coli
1827 2754 2093 2816 videret
2138 2754 2227 2814 ab
2272 2752 2353 2814 iis
2396 2751 2558 2814 viris

365 2869 706 2932 Romanis
771 2869 1170 2950 quibuscum
1231 2869 1378 2950 ipse
1442 2890 1601 2932 mox
1656 2867 1850 2931 firmo
1906 2868 2242 2932 amicitiae
2288 2866 2562 2930 vinculo

369 2985 641 3047 iunctus
723 2994 827 3047 est
843 3033 858 3057 ‚
946 3005 1064 3047 eas
1147 2985 1272 3048 toti
1357 2986 1549 3068 genti
1616 2985 1975 3066 adscripsit
1993 3034 2007 3060 ,
2078 2994 2150 3047 et
2216 2984 2563 3066 ingenium

369 3100 611 3182 populi
656 3100 957 3163 Romani
1002 3101 1327 3164 iudicavit
1373 3121 1464 3164 ex
1508 3101 1739 3164 indole
1785 3121 2159 3183 paucorum
2193 3100 2557 3162 hominum.

372 3215 546 3280 Cum
615 3215 946 3297 Polybius
989 3216 1137 3296 ipse
1183 3225 1328 3278 tum
1372 3215 1606 3279 Livius
1640 3215 1685 3297 ⁸)
1732 3210 2006 3279 tradunt
2049 3235 2159 3277 res
2205 3235 2381 3297 quae
2428 3233 2565 3275 ma-

461 3405 591 3487 1)Ι.
640 3428 714 3466 20
757 3414 785 3479 §
833 3427 938 3482 113
982 3409 1089 3466 ΠΙ.
1141 3423 1211 3483 75
1257 3414 1285 3479 §
1329 3408 1395 3482 83
1440 3410 1606 3467 VIII.
1653 3429 1687 3485 3
1733 3428 1848 3485 sq.;
1892 3409 2143 3467 XXVII.
2190 3410 2247 3467 8.
2291 3409 2346 3466 8.
2394 3425 2479 3482 sq.

452 3505 505 3587 2)
545 3509 650 3565 VI.
699 3510 802 3585 565
845 3508 1071 3567 XVIII.
1117 3527 1197 3583 34
1239 3508 1339 3566 fin.

457 3603 507 3685 3)
546 3608 770 3665 XVIII.
818 3624 913 3684 35.

456 3703 507 3785 4)
547 3707 609 3764 Ρ.
656 3724 754 3783 ap.
798 3703 923 3764 Liv.
969 3706 1157 3764 XLII.
1203 3725 1256 3764 c.
1300 3723 1375 3780 47
1422 3706 1580 3764 med.
1624 3707 1691 3764 P.
1733 3707 1901 3764 XIII.
1949 3725 2002 3764 c.
2047 3724 2082 3781 3
2125 3712 2152 3777 §
2200 3720 2250 3778 7.

456 3803 507 3885 ⁵)
548 3804 685 3864 Vid.
729 3806 870 3864 adn.
915 3826 972 3878 4.

459 3901 508 3983 6)
550 3901 687 3964 vid.
731 3904 867 3964 adn.
910 3923 967 3976 4.

463 4001 509 4082 Ἰ)
550 4004 596 4060 Ρ
655 4003 905 4061 ΧΧΧΠ.
952 4021 1004 4061 c.
1056 4021 1122 4060 11
1171 4009 1198 4073 ξ
1241 4022 1311 4075 4,
1356 4002 1459 4061 cfr.
1502 4003 1725 4062 XXXI.
1774 4022 1867 4075 24.

462 4099 511 4182 Θ>
552 4103 745 4161 Locos
787 4101 1013 4179 Polybii
1056 4100 1175 4160 vid.
1219 4120 1380 4177 supr.
1448 4102 1541 4161 De
1583 4100 1832 4160 avaritia
1874 4102 2286 4159 Romanorum
2314 4099 2418 4157 cfr.
2443 4097 2570 4156 Liv.

378 4202 703 4260 XXXVIII
789 4222 840 4260 c.
908 4221 982 4274 42
1002 4223 1018 4274 3
1075 4202 1291 4261 XLIII.
1349 4219 1399 4259 c.
1462 4221 1493 4259 2
1510 4222 1527 4273 3
1584 4201 1864 4258 XXXIV.
1923 4219 1976 4257 e.
2030 4219 2069 4272 4
2109 4197 2286 4279 (Cato
2328 4199 2403 4256 de
2443 4197 2573 4274 lege

380 4297 634 4379 Oppia):
702 4299 787 4376 „si
849 4320 1008 4358 nunc
1071 4318 1210 4358 cum
1271 4297 1378 4357 illis
1440 4298 1614 4359 donis
1670 4298 1882 4358 Cineas
1937 4299 2146 4357 urbem
2201 4296 2537 4356 circumiret
2554 4341 2569 4369 ,

380 4407 604 4456 stantes
643 4397 705 4455 in
747 4398 986 4474 publico
1027 4395 1342 4457 invenisset
1384 4416 1537 4474 quae
1577 4396 1974 4473 acciperent.’'
