<?xml version="1.0" encoding="UTF-8"?>
<!DOCTYPE html PUBLIC "-//W3C//DTD XHTML 1.0 Transitional//EN"
    "http://www.w3.org/TR/xhtml1/DTD/xhtml1-transitional.dtd">
<html xmlns="http://www.w3.org/1999/xhtml" xml:lang="en" lang="en">
 <head>
  <title>
</title>
<meta http-equiv="Content-Type" content="text/html;charset=utf-8" />
  <meta name='ocr-system' content='tesseract 3.04.00' />
  <meta name='ocr-capabilities' content='ocr_page ocr_carea ocr_par ocr_line ocrx_word'/>
</head>
<body>
  <div class='ocr_page' id='page_1' title='image "./depolybiifontib00wetegoog_0232.png"; bbox 0 0 3375 5084; ppageno 0'>
   <div class='ocr_carea' id='block_1_1' title="bbox 1804 347 1930 388">
    <p class='ocr_par' dir='ltr' id='par_1_1' title="bbox 1804 347 1930 388">
     <span class='ocr_line' id='line_1_1' title="bbox 1804 347 1930 388; baseline 0.016 -2"><span class='ocrx_word' id='word_1_1' title='bbox 1804 347 1930 388; x_wconf 89' lang='lat'>220</span> 
     </span>
    </p>
   </div>
   <div class='ocr_carea' id='block_1_2' title="bbox 767 518 2968 3277">
    <p class='ocr_par' dir='ltr' id='par_1_2' title="bbox 767 518 2968 3046">
     <span class='ocr_line' id='line_1_2' title="bbox 866 518 2963 595; baseline 0.001 -14"><span class='ocrx_word' id='word_1_2' title='bbox 866 519 966 582; x_wconf 92' lang='lat' dir='ltr'>Ut</span> <span class='ocrx_word' id='word_1_3' title='bbox 1013 519 1101 580; x_wconf 91' lang='lat' dir='ltr'>ad</span> <span class='ocrx_word' id='word_1_4' title='bbox 1144 519 1265 581; x_wconf 92' lang='lat' dir='ltr'>illa</span> <span class='ocrx_word' id='word_1_5' title='bbox 1309 518 1589 582; x_wconf 80' lang='lat' dir='ltr'>foedera</span> <span class='ocrx_word' id='word_1_6' title='bbox 1631 530 1938 583; x_wconf 87' lang='lat' dir='ltr'>revertar</span> <span class='ocrx_word' id='word_1_7' title='bbox 1951 569 1966 595; x_wconf 93' lang='lat'><strong><em>,</em></strong></span> <span class='ocrx_word' id='word_1_8' title='bbox 2014 541 2249 583; x_wconf 92' lang='lat' dir='ltr'>eorum</span> <span class='ocrx_word' id='word_1_9' title='bbox 2295 521 2661 584; x_wconf 83' lang='lat' dir='ltr'>auctoritas</span> <span class='ocrx_word' id='word_1_10' title='bbox 2705 543 2791 583; x_wconf 91' lang='lat' dir='ltr'>ne</span> <span class='ocrx_word' id='word_1_11' title='bbox 2832 522 2963 585; x_wconf 89' lang='lat' dir='ltr'>hac</span> 
     </span>
     <span class='ocr_line' id='line_1_3' title="bbox 776 635 2965 718; baseline 0.002 -22"><span class='ocrx_word' id='word_1_12' title='bbox 776 635 1052 714; x_wconf 91' lang='lat' dir='ltr'>quidem</span> <span class='ocrx_word' id='word_1_13' title='bbox 1096 636 1356 698; x_wconf 91' lang='lat' dir='ltr'>ratione</span> <span class='ocrx_word' id='word_1_14' title='bbox 1403 636 1867 718; x_wconf 91' lang='lat' dir='ltr'>impugnanda</span> <span class='ocrx_word' id='word_1_15' title='bbox 1913 656 2064 699; x_wconf 90' lang='lat' dir='ltr'>esse</span> <span class='ocrx_word' id='word_1_16' title='bbox 2110 637 2274 699; x_wconf 91' lang='lat' dir='ltr'>mihi</span> <span class='ocrx_word' id='word_1_17' title='bbox 2319 637 2589 700; x_wconf 87' lang='lat' dir='ltr'>videtur</span> <span class='ocrx_word' id='word_1_18' title='bbox 2605 687 2619 712; x_wconf 93' lang='lat'><strong>,</strong></span> <span class='ocrx_word' id='word_1_19' title='bbox 2665 648 2741 701; x_wconf 91' lang='lat' dir='ltr'>ut</span> <span class='ocrx_word' id='word_1_20' title='bbox 2786 639 2965 701; x_wconf 91' lang='lat' dir='ltr'>coni-</span> 
     </span>
     <span class='ocr_line' id='line_1_4' title="bbox 780 751 2965 833; baseline 0.001 -20"><span class='ocrx_word' id='word_1_21' title='bbox 780 751 918 813; x_wconf 89' lang='lat' dir='ltr'>cias</span> <span class='ocrx_word' id='word_1_22' title='bbox 963 751 1328 833; x_wconf 88' lang='lat' dir='ltr'>Polybium</span> <span class='ocrx_word' id='word_1_23' title='bbox 1377 772 1460 815; x_wconf 89' lang='lat' dir='ltr'>ea</span> <span class='ocrx_word' id='word_1_24' title='bbox 1506 773 1545 814; x_wconf 91' lang='lat' dir='ltr'>e</span> <span class='ocrx_word' id='word_1_25' title='bbox 1590 752 1781 815; x_wconf 90' lang='lat' dir='ltr'>libris</span> <span class='ocrx_word' id='word_1_26' title='bbox 1827 753 1998 815; x_wconf 89' lang='lat' dir='ltr'>alius</span> <span class='ocrx_word' id='word_1_27' title='bbox 2044 754 2393 816; x_wconf 91' lang='lat' dir='ltr'>cuiusdam</span> <span class='ocrx_word' id='word_1_28' title='bbox 2428 754 2722 817; x_wconf 90' lang='lat' dir='ltr'>auctoris</span> <span class='ocrx_word' id='word_1_29' title='bbox 2753 755 2965 816; x_wconf 91' lang='lat' dir='ltr'>mino-</span> 
     </span>
     <span class='ocr_line' id='line_1_5' title="bbox 775 864 2968 952; baseline 0.002 -25"><span class='ocrx_word' id='word_1_30' title='bbox 775 865 866 928; x_wconf 86' lang='lat' dir='ltr'>ris</span> <span class='ocrx_word' id='word_1_31' title='bbox 928 864 1089 929; x_wconf 92' lang='lat' dir='ltr'>fidei</span> <span class='ocrx_word' id='word_1_32' title='bbox 1153 869 1609 950; x_wconf 82' lang='lat' dir='ltr'>exscripsisse.</span> <span class='ocrx_word' id='word_1_33' title='bbox 1701 869 1856 931; x_wconf 93' lang='lat' dir='ltr'>Non</span> <span class='ocrx_word' id='word_1_34' title='bbox 1916 869 2137 932; x_wconf 92' lang='lat' dir='ltr'>solum</span> <span class='ocrx_word' id='word_1_35' title='bbox 2196 871 2411 932; x_wconf 89' lang='lat' dir='ltr'>verba</span> <span class='ocrx_word' id='word_1_36' title='bbox 2469 870 2742 952; x_wconf 92' lang='lat' dir='ltr'>Polybii</span> <span class='ocrx_word' id='word_1_37' title='bbox 2803 871 2968 933; x_wconf 90' lang='lat' dir='ltr'>satis</span> 
     </span>
     <span class='ocr_line' id='line_1_6' title="bbox 773 983 2967 1060; baseline 0 -13"><span class='ocrx_word' id='word_1_38' title='bbox 773 983 954 1047; x_wconf 91' lang='lat' dir='ltr'>clare</span> <span class='ocrx_word' id='word_1_39' title='bbox 1011 986 1420 1047; x_wconf 82' lang='lat' dir='ltr'>co‘ntrarium</span> <span class='ocrx_word' id='word_1_40' title='bbox 1474 985 1798 1060; x_wconf 91' lang='lat' dir='ltr'>indicant,</span> <span class='ocrx_word' id='word_1_41' title='bbox 1848 987 1971 1049; x_wconf 94' lang='lat' dir='ltr'>sed</span> <span class='ocrx_word' id='word_1_42' title='bbox 2017 986 2222 1049; x_wconf 92' lang='lat' dir='ltr'>etiam</span> <span class='ocrx_word' id='word_1_43' title='bbox 2268 1006 2503 1048; x_wconf 91' lang='lat' dir='ltr'>omnes</span> <span class='ocrx_word' id='word_1_44' title='bbox 2551 987 2967 1050; x_wconf 80' lang='lat' dir='ltr'>recentiores</span> 
     </span>
     <span class='ocr_line' id='line_1_7' title="bbox 772 1102 2966 1184; baseline 0 -22"><span class='ocrx_word' id='word_1_45' title='bbox 772 1109 1085 1164; x_wconf 82' lang='lat' dir='ltr'>auctores</span> <span class='ocrx_word' id='word_1_46' title='bbox 1131 1102 1322 1164; x_wconf 90' lang='lat' dir='ltr'>latini</span> <span class='ocrx_word' id='word_1_47' title='bbox 1372 1121 1542 1182; x_wconf 93' lang='lat' dir='ltr'>quos</span> <span class='ocrx_word' id='word_1_48' title='bbox 1587 1103 1899 1164; x_wconf 88' lang='lat' dir='ltr'>novimus</span> <span class='ocrx_word' id='word_1_49' title='bbox 1916 1151 1931 1176; x_wconf 93' lang='lat'>,</span> <span class='ocrx_word' id='word_1_50' title='bbox 1976 1103 2046 1164; x_wconf 91' lang='lat' dir='ltr'>in</span> <span class='ocrx_word' id='word_1_51' title='bbox 2093 1103 2519 1184; x_wconf 81' lang='lat' dir='ltr'>exponendis</span> <span class='ocrx_word' id='word_1_52' title='bbox 2549 1102 2768 1166; x_wconf 89' lang='lat' dir='ltr'>causis</span> <span class='ocrx_word' id='word_1_53' title='bbox 2796 1102 2966 1165; x_wconf 91' lang='lat' dir='ltr'>belli</span> 
     </span>
     <span class='ocr_line' id='line_1_8' title="bbox 771 1193 2967 1300; baseline 0.001 -22"><span class='ocrx_word' id='word_1_54' title='bbox 771 1193 1039 1279; x_wconf 38' lang='lat' dir='ltr'>Punici·</span> <span class='ocrx_word' id='word_1_55' title='bbox 1069 1216 1269 1298; x_wconf 91' lang='lat' dir='ltr'>primi</span> <span class='ocrx_word' id='word_1_56' title='bbox 1335 1227 1561 1280; x_wconf 90' lang='lat' dir='ltr'>errant</span> <span class='ocrx_word' id='word_1_57' title='bbox 1623 1218 1781 1280; x_wconf 93' lang='lat' dir='ltr'>ideo</span> <span class='ocrx_word' id='word_1_58' title='bbox 1845 1218 2028 1300; x_wconf 89' lang='lat' dir='ltr'>quod</span> <span class='ocrx_word' id='word_1_59' title='bbox 2073 1238 2209 1279; x_wconf 95' lang='lat' dir='ltr'>non</span> <span class='ocrx_word' id='word_1_60' title='bbox 2255 1217 2419 1282; x_wconf 89' lang='lat' dir='ltr'>satis</span> <span class='ocrx_word' id='word_1_61' title='bbox 2463 1228 2967 1300; x_wconf 89' lang='lat' dir='ltr'>perspexerunt</span> 
     </span>
     <span class='ocr_line' id='line_1_9' title="bbox 771 1331 2968 1414; baseline 0.001 -21"><span class='ocrx_word' id='word_1_62' title='bbox 771 1352 948 1414; x_wconf 89' lang='lat' dir='ltr'>quae</span> <span class='ocrx_word' id='word_1_63' title='bbox 1016 1331 1294 1394; x_wconf 85' lang='lat' dir='ltr'>foedera</span> <span class='ocrx_word' id='word_1_64' title='bbox 1361 1333 1901 1396; x_wconf 87' lang='lat' dir='ltr'>intercessissent</span> <span class='ocrx_word' id='word_1_65' title='bbox 1960 1333 2297 1398; x_wconf 85' lang='lat' dir='ltr'>Romanis</span> <span class='ocrx_word' id='word_1_66' title='bbox 2359 1342 2429 1396; x_wconf 90' lang='lat' dir='ltr'>et</span> <span class='ocrx_word' id='word_1_67' title='bbox 2489 1334 2738 1396; x_wconf 90' lang='lat' dir='ltr'>Poenis</span> <span class='ocrx_word' id='word_1_68' title='bbox 2801 1343 2968 1400; x_wconf 88' lang='lat' dir='ltr'>ante</span> 
     </span>
     <span class='ocr_line' id='line_1_10' title="bbox 768 1448 2967 1531; baseline 0.001 -21"><span class='ocrx_word' id='word_1_69' title='bbox 768 1449 1045 1511; x_wconf 91' lang='lat' dir='ltr'>bellum.</span> <span class='ocrx_word' id='word_1_70' title='bbox 1117 1449 1444 1513; x_wconf 90' lang='lat' dir='ltr'>Catonem</span> <span class='ocrx_word' id='word_1_71' title='bbox 1492 1461 1677 1513; x_wconf 91' lang='lat' dir='ltr'>certe</span> <span class='ocrx_word' id='word_1_72' title='bbox 1724 1451 1897 1513; x_wconf 93' lang='lat' dir='ltr'>haec</span> <span class='ocrx_word' id='word_1_73' title='bbox 1942 1470 2050 1512; x_wconf 93' lang='lat' dir='ltr'>res</span> <span class='ocrx_word' id='word_1_74' title='bbox 2094 1448 2336 1514; x_wconf 92' lang='lat' dir='ltr'>fefellit</span> <span class='ocrx_word' id='word_1_75' title='bbox 2355 1499 2369 1526; x_wconf 93' lang='lat'>,</span> <span class='ocrx_word' id='word_1_76' title='bbox 2419 1460 2490 1513; x_wconf 89' lang='lat' dir='ltr'>et</span> <span class='ocrx_word' id='word_1_77' title='bbox 2534 1450 2689 1513; x_wconf 93' lang='lat' dir='ltr'>ideo</span> <span class='ocrx_word' id='word_1_78' title='bbox 2720 1470 2967 1531; x_wconf 92' lang='lat' dir='ltr'>parum</span> 
     </span>
     <span class='ocr_line' id='line_1_11' title="bbox 771 1565 2966 1631; baseline 0.001 -4"><span class='ocrx_word' id='word_1_79' title='bbox 771 1566 1098 1628; x_wconf 90' lang='lat' dir='ltr'>credibile</span> <span class='ocrx_word' id='word_1_80' title='bbox 1159 1566 1430 1629; x_wconf 88' lang='lat' dir='ltr'>videtur</span> <span class='ocrx_word' id='word_1_81' title='bbox 1489 1586 1645 1628; x_wconf 90' lang='lat' dir='ltr'>eum</span> <span class='ocrx_word' id='word_1_82' title='bbox 1706 1567 1880 1629; x_wconf 90' lang='lat' dir='ltr'>haec</span> <span class='ocrx_word' id='word_1_83' title='bbox 1941 1565 2219 1629; x_wconf 81' lang='lat' dir='ltr'>foedera</span> <span class='ocrx_word' id='word_1_84' title='bbox 2271 1567 2341 1631; x_wconf 94' lang='lat' dir='ltr'>in</span> <span class='ocrx_word' id='word_1_85' title='bbox 2396 1566 2623 1630; x_wconf 91' lang='lat' dir='ltr'>lucem</span> <span class='ocrx_word' id='word_1_86' title='bbox 2669 1568 2966 1630; x_wconf 89' lang='lat' dir='ltr'>edidisse</span> 
     </span>
     <span class='ocr_line' id='line_1_12' title="bbox 771 1681 2968 1765; baseline 0.001 -22"><span class='ocrx_word' id='word_1_87' title='bbox 771 1692 843 1744; x_wconf 92' lang='lat' dir='ltr'>et</span> <span class='ocrx_word' id='word_1_88' title='bbox 900 1682 990 1743; x_wconf 94' lang='lat' dir='ltr'>ab</span> <span class='ocrx_word' id='word_1_89' title='bbox 1038 1702 1120 1744; x_wconf 94' lang='lat' dir='ltr'>eo</span> <span class='ocrx_word' id='word_1_90' title='bbox 1166 1681 1533 1764; x_wconf 88' lang='lat' dir='ltr'>Polybium</span> <span class='ocrx_word' id='word_1_91' title='bbox 1581 1703 1664 1744; x_wconf 92' lang='lat' dir='ltr'>ea</span> <span class='ocrx_word' id='word_1_92' title='bbox 1711 1683 2137 1765; x_wconf 88' lang='lat' dir='ltr'>cognovisse.</span> <span class='ocrx_word' id='word_1_93' title='bbox 2230 1681 2354 1745; x_wconf 91' lang='lat' dir='ltr'>Ait</span> <span class='ocrx_word' id='word_1_94' title='bbox 2401 1683 2614 1745; x_wconf 92' lang='lat' dir='ltr'>enim:</span> <span class='ocrx_word' id='word_1_95' title='bbox 2670 1684 2842 1757; x_wconf 93' lang='lat' dir='ltr'>„duo</span> <span class='ocrx_word' id='word_1_96' title='bbox 2890 1693 2968 1745; x_wconf 92' lang='lat' dir='ltr'>et</span> 
     </span>
     <span class='ocr_line' id='line_1_13' title="bbox 768 1797 2966 1880; baseline 0.001 -22"><span class='ocrx_word' id='word_1_97' title='bbox 768 1797 1092 1859; x_wconf 86' lang='lat' dir='ltr'>vicesimo</span> <span class='ocrx_word' id='word_1_98' title='bbox 1141 1818 1318 1860; x_wconf 91' lang='lat' dir='ltr'>anno</span> <span class='ocrx_word' id='word_1_99' title='bbox 1364 1808 1522 1879; x_wconf 92' lang='lat' dir='ltr'>post</span> <span class='ocrx_word' id='word_1_100' title='bbox 1567 1798 1914 1861; x_wconf 91' lang='lat' dir='ltr'>dimissum</span> <span class='ocrx_word' id='word_1_101' title='bbox 1960 1798 2219 1860; x_wconf 94' lang='lat' dir='ltr'>bellum</span> <span class='ocrx_word' id='word_1_102' title='bbox 2235 1847 2249 1873; x_wconf 90' lang='lat'><strong><em>,</em></strong></span> <span class='ocrx_word' id='word_1_103' title='bbox 2297 1799 2483 1880; x_wconf 90' lang='lat' dir='ltr'>quod</span> <span class='ocrx_word' id='word_1_104' title='bbox 2530 1808 2847 1879; x_wconf 89' lang='lat' dir='ltr'>quattuor</span> <span class='ocrx_word' id='word_1_105' title='bbox 2888 1809 2966 1861; x_wconf 92' lang='lat' dir='ltr'>et</span> 
     </span>
     <span class='ocr_line' id='line_1_14' title="bbox 769 1912 2965 1996; baseline 0 -21"><span class='ocrx_word' id='word_1_106' title='bbox 769 1913 1015 1996; x_wconf 88' lang='lat' dir='ltr'>viginti</span> <span class='ocrx_word' id='word_1_107' title='bbox 1076 1933 1287 1976; x_wconf 89' lang='lat' dir='ltr'>annos</span> <span class='ocrx_word' id='word_1_108' title='bbox 1348 1913 1475 1977; x_wconf 83' lang='lat' dir='ltr'>fuit</span> <span class='ocrx_word' id='word_1_109' title='bbox 1492 1962 1506 1989; x_wconf 91' lang='lat'><strong><em>‚</em></strong></span> <span class='ocrx_word' id='word_1_110' title='bbox 1571 1912 2167 1996; x_wconf 86' lang='lat' dir='ltr'>Carthaginienses</span> <span class='ocrx_word' id='word_1_111' title='bbox 2230 1924 2501 1977; x_wconf 91' lang='lat' dir='ltr'>sextum</span> <span class='ocrx_word' id='word_1_112' title='bbox 2547 1916 2634 1977; x_wconf 95' lang='lat' dir='ltr'>de</span> <span class='ocrx_word' id='word_1_113' title='bbox 2679 1913 2965 1977; x_wconf 89' lang='lat' dir='ltr'>foedere</span> 
     </span>
     <span class='ocr_line' id='line_1_15' title="bbox 772 2025 2964 2112; baseline 0.001 -21"><span class='ocrx_word' id='word_1_114' title='bbox 772 2028 1159 2093; x_wconf 90' lang='lat' dir='ltr'>decessere”</span> <span class='ocrx_word' id='word_1_115' title='bbox 1198 2025 1258 2111; x_wconf 90' lang='lat'>1).</span> <span class='ocrx_word' id='word_1_116' title='bbox 1350 2029 1521 2094; x_wconf 91' lang='lat' dir='ltr'>Cato</span> <span class='ocrx_word' id='word_1_117' title='bbox 1583 2030 1640 2092; x_wconf 90' lang='lat' dir='ltr'>si</span> <span class='ocrx_word' id='word_1_118' title='bbox 1699 2029 1979 2093; x_wconf 90' lang='lat' dir='ltr'>foedera</span> <span class='ocrx_word' id='word_1_119' title='bbox 2039 2031 2126 2092; x_wconf 94' lang='lat' dir='ltr'>ad</span> <span class='ocrx_word' id='word_1_120' title='bbox 2173 2030 2397 2093; x_wconf 93' lang='lat' dir='ltr'>lucem</span> <span class='ocrx_word' id='word_1_121' title='bbox 2441 2031 2590 2112; x_wconf 91' lang='lat' dir='ltr'>ipse</span> <span class='ocrx_word' id='word_1_122' title='bbox 2636 2031 2964 2095; x_wconf 81' lang='lat' dir='ltr'>traxisset</span> 
     </span>
     <span class='ocr_line' id='line_1_16' title="bbox 769 2146 2962 2229; baseline 0.001 -21"><span class='ocrx_word' id='word_1_123' title='bbox 769 2146 901 2208; x_wconf 91' lang='lat' dir='ltr'>hoc</span> <span class='ocrx_word' id='word_1_124' title='bbox 965 2146 1190 2208; x_wconf 86' lang='lat' dir='ltr'>dicere</span> <span class='ocrx_word' id='word_1_125' title='bbox 1250 2165 1387 2208; x_wconf 91' lang='lat' dir='ltr'>non</span> <span class='ocrx_word' id='word_1_126' title='bbox 1445 2147 1777 2227; x_wconf 90' lang='lat' dir='ltr'>potuisset</span> <span class='ocrx_word' id='word_1_127' title='bbox 1793 2195 1807 2223; x_wconf 93' lang='lat'>‚</span> <span class='ocrx_word' id='word_1_128' title='bbox 1871 2167 2028 2209; x_wconf 91' lang='lat' dir='ltr'>nam</span> <span class='ocrx_word' id='word_1_129' title='bbox 2076 2167 2160 2210; x_wconf 93' lang='lat' dir='ltr'>ea</span> <span class='ocrx_word' id='word_1_130' title='bbox 2202 2146 2484 2210; x_wconf 89' lang='lat' dir='ltr'>foedera</span> <span class='ocrx_word' id='word_1_131' title='bbox 2523 2168 2864 2229; x_wconf 90' lang='lat' dir='ltr'>nunquam</span> <span class='ocrx_word' id='word_1_132' title='bbox 2918 2169 2962 2210; x_wconf 94' lang='lat' dir='ltr'>a</span> 
     </span>
     <span class='ocr_line' id='line_1_17' title="bbox 772 2261 2962 2345; baseline 0.001 -21"><span class='ocrx_word' id='word_1_133' title='bbox 772 2261 1442 2344; x_wconf 85' lang='lat' dir='ltr'>Carthaginiensibus</span> <span class='ocrx_word' id='word_1_134' title='bbox 1500 2262 1759 2326; x_wconf 86' lang='lat' dir='ltr'>violata</span> <span class='ocrx_word' id='word_1_135' title='bbox 1818 2272 2002 2339; x_wconf 81' lang='lat' dir='ltr'>sunt3</span> <span class='ocrx_word' id='word_1_136' title='bbox 2067 2272 2302 2326; x_wconf 90' lang='lat' dir='ltr'>contra</span> <span class='ocrx_word' id='word_1_137' title='bbox 2354 2284 2573 2345; x_wconf 91' lang='lat' dir='ltr'>aeque</span> <span class='ocrx_word' id='word_1_138' title='bbox 2619 2283 2700 2326; x_wconf 92' lang='lat' dir='ltr'>ac</span> <span class='ocrx_word' id='word_1_139' title='bbox 2747 2263 2962 2326; x_wconf 91' lang='lat' dir='ltr'>Phili-</span> 
     </span>
     <span class='ocr_line' id='line_1_18' title="bbox 769 2377 2966 2460; baseline 0.001 -21"><span class='ocrx_word' id='word_1_140' title='bbox 769 2397 895 2441; x_wconf 89' lang='lat' dir='ltr'>nus</span> <span class='ocrx_word' id='word_1_141' title='bbox 956 2387 1027 2441; x_wconf 90' lang='lat' dir='ltr'>et</span> <span class='ocrx_word' id='word_1_142' title='bbox 1059 2377 1320 2449; x_wconf 65' lang='lat' dir='ltr'>‚Livius</span> <span class='ocrx_word' id='word_1_143' title='bbox 1375 2378 1510 2440; x_wconf 90' lang='lat' dir='ltr'>alia</span> <span class='ocrx_word' id='word_1_144' title='bbox 1553 2377 1832 2441; x_wconf 89' lang='lat' dir='ltr'>foedera</span> <span class='ocrx_word' id='word_1_145' title='bbox 1878 2379 2185 2442; x_wconf 89' lang='lat' dir='ltr'>extitisse</span> <span class='ocrx_word' id='word_1_146' title='bbox 2232 2379 2495 2442; x_wconf 89' lang='lat' dir='ltr'>censuit</span> <span class='ocrx_word' id='word_1_147' title='bbox 2512 2428 2526 2453; x_wconf 91' lang='lat'>‚</span> <span class='ocrx_word' id='word_1_148' title='bbox 2572 2379 2686 2441; x_wconf 89' lang='lat' dir='ltr'>vel</span> <span class='ocrx_word' id='word_1_149' title='bbox 2731 2379 2966 2460; x_wconf 92' lang='lat' dir='ltr'>potius</span> 
     </span>
     <span class='ocr_line' id='line_1_19' title="bbox 778 2493 2967 2576; baseline 0 -19"><span class='ocrx_word' id='word_1_150' title='bbox 778 2496 901 2569; x_wconf 90' lang='lat' dir='ltr'>„de</span> <span class='ocrx_word' id='word_1_151' title='bbox 947 2493 1224 2557; x_wconf 91' lang='lat' dir='ltr'>foedere</span> <span class='ocrx_word' id='word_1_152' title='bbox 1270 2494 1638 2558; x_wconf 91' lang='lat' dir='ltr'>decedere”</span> <span class='ocrx_word' id='word_1_153' title='bbox 1685 2495 1956 2560; x_wconf 91' lang='lat' dir='ltr'>omnino</span> <span class='ocrx_word' id='word_1_154' title='bbox 2002 2496 2185 2558; x_wconf 92' lang='lat' dir='ltr'>idem</span> <span class='ocrx_word' id='word_1_155' title='bbox 2232 2495 2296 2558; x_wconf 92' lang='lat' dir='ltr'>ei</span> <span class='ocrx_word' id='word_1_156' title='bbox 2344 2505 2449 2558; x_wconf 89' lang='lat' dir='ltr'>est</span> <span class='ocrx_word' id='word_1_157' title='bbox 2494 2496 2679 2576; x_wconf 91' lang='lat' dir='ltr'>quod</span> <span class='ocrx_word' id='word_1_158' title='bbox 2713 2516 2967 2576; x_wconf 90' lang='lat' dir='ltr'>pacem</span> 
     </span>
     <span class='ocr_line' id='line_1_20' title="bbox 767 2610 2963 2694; baseline 0 -20"><span class='ocrx_word' id='word_1_159' title='bbox 767 2631 1080 2693; x_wconf 89' lang='lat' dir='ltr'>rumpere</span> <span class='ocrx_word' id='word_1_160' title='bbox 1098 2660 1112 2687; x_wconf 91' lang='lat'><strong><em>‚</em></strong></span> <span class='ocrx_word' id='word_1_161' title='bbox 1173 2610 1434 2673; x_wconf 91' lang='lat' dir='ltr'>bellum</span> <span class='ocrx_word' id='word_1_162' title='bbox 1494 2612 1815 2675; x_wconf 91' lang='lat' dir='ltr'>excitare.</span> <span class='ocrx_word' id='word_1_163' title='bbox 1908 2611 2018 2674; x_wconf 93' lang='lat' dir='ltr'>De</span> <span class='ocrx_word' id='word_1_164' title='bbox 2078 2612 2229 2692; x_wconf 90' lang='lat' dir='ltr'>ipso</span> <span class='ocrx_word' id='word_1_165' title='bbox 2292 2610 2552 2675; x_wconf 90' lang='lat' dir='ltr'>Catone</span> <span class='ocrx_word' id='word_1_166' title='bbox 2611 2611 2963 2694; x_wconf 84' lang='lat' dir='ltr'>cogitasse</span> 
     </span>
     <span class='ocr_line' id='line_1_21' title="bbox 772 2727 2967 2810; baseline -0 -19"><span class='ocrx_word' id='word_1_167' title='bbox 772 2728 1140 2810; x_wconf 89' lang='lat' dir='ltr'>Polybium</span> <span class='ocrx_word' id='word_1_168' title='bbox 1187 2729 1392 2791; x_wconf 93' lang='lat' dir='ltr'>credo</span> <span class='ocrx_word' id='word_1_169' title='bbox 1439 2748 1594 2791; x_wconf 94' lang='lat' dir='ltr'>cum</span> <span class='ocrx_word' id='word_1_170' title='bbox 1641 2730 1969 2792; x_wconf 90' lang='lat' dir='ltr'>scriberet</span> <span class='ocrx_word' id='word_1_171' title='bbox 2015 2737 2205 2796; x_wconf 81' lang='grc' dir='ltr'><em>τοῦτο</em></span> <span class='ocrx_word' id='word_1_172' title='bbox 2255 2729 2359 2810; x_wconf 92' lang='lat' dir='ltr'>(ea</span> <span class='ocrx_word' id='word_1_173' title='bbox 2389 2728 2668 2791; x_wconf 92' lang='lat' dir='ltr'>foedera</span> <span class='ocrx_word' id='word_1_174' title='bbox 2699 2727 2967 2808; x_wconf 87' lang='lat' dir='ltr'>extare)</span> 
     </span>
     <span class='ocr_line' id='line_1_22' title="bbox 767 2842 2964 2931; baseline 0 -23"><span class='ocrx_word' id='word_1_175' title='bbox 767 2850 829 2910; x_wconf 83' lang='grc' dir='ltr'>οἱ</span> <span class='ocrx_word' id='word_1_176' title='bbox 878 2846 1308 2931; x_wconf 69' lang='grc' dir='ltr'><em>πρεσβύτατοι</em></span> <span class='ocrx_word' id='word_1_177' title='bbox 1360 2851 1469 2909; x_wconf 84' lang='grc' dir='ltr'>καὶ</span> <span class='ocrx_word' id='word_1_178' title='bbox 1517 2842 1799 2926; x_wconf 82' lang='grc' dir='ltr'><strong><em>μάλιστα</em></strong></span> <span class='ocrx_word' id='word_1_179' title='bbox 1850 2842 2191 2919; x_wconf 78' lang='grc' dir='ltr'><em>δοκοῦντες</em></span> <span class='ocrx_word' id='word_1_180' title='bbox 2239 2849 2381 2928; x_wconf 78' lang='grc' dir='ltr'><strong><em>περὶ</em></strong></span> <span class='ocrx_word' id='word_1_181' title='bbox 2430 2851 2511 2910; x_wconf 81' lang='grc' dir='ltr'>τὰ</span> <span class='ocrx_word' id='word_1_182' title='bbox 2547 2851 2735 2910; x_wconf 77' lang='grc' dir='ltr'><em>κοινὰ</em></span> <span class='ocrx_word' id='word_1_183' title='bbox 2763 2869 2964 2910; x_wconf 85' lang='grc' dir='ltr'><em>σπου-</em></span> 
     </span>
     <span class='ocr_line' id='line_1_23' title="bbox 768 2959 1338 3046; baseline -0.002 -21"><span class='ocrx_word' id='word_1_184' title='bbox 768 2959 988 3039; x_wconf 75' lang='grc' dir='ltr'><strong><em>δάζειν</em></strong></span> <span class='ocrx_word' id='word_1_185' title='bbox 1034 2968 1338 3046; x_wconf 77' lang='grc' dir='ltr'><em>ἠγνόουν.</em></span> 
     </span>
    </p>

    <p class='ocr_par' dir='ltr' id='par_1_3' title="bbox 769 3078 2965 3277">
     <span class='ocr_line' id='line_1_24' title="bbox 856 3078 2965 3162; baseline -0 -20"><span class='ocrx_word' id='word_1_186' title='bbox 856 3079 1053 3142; x_wconf 91' lang='lat' dir='ltr'>Haec</span> <span class='ocrx_word' id='word_1_187' title='bbox 1097 3078 1375 3142; x_wconf 93' lang='lat' dir='ltr'>foedera</span> <span class='ocrx_word' id='word_1_188' title='bbox 1421 3100 1463 3141; x_wconf 98' lang='lat' dir='ltr'>a</span> <span class='ocrx_word' id='word_1_189' title='bbox 1507 3079 1801 3162; x_wconf 91' lang='lat' dir='ltr'>Polybio</span> <span class='ocrx_word' id='word_1_190' title='bbox 1845 3080 1993 3161; x_wconf 92' lang='lat' dir='ltr'>ipso</span> <span class='ocrx_word' id='word_1_191' title='bbox 2027 3101 2066 3142; x_wconf 91' lang='lat' dir='ltr'>e</span> <span class='ocrx_word' id='word_1_192' title='bbox 2098 3081 2355 3160; x_wconf 92' lang='lat' dir='ltr'>templo</span> <span class='ocrx_word' id='word_1_193' title='bbox 2378 3080 2564 3141; x_wconf 89' lang='lat' dir='ltr'>Iovis</span> <span class='ocrx_word' id='word_1_194' title='bbox 2592 3078 2965 3159; x_wconf 89' lang='lat' dir='ltr'>Capitolini</span> 
     </span>
     <span class='ocr_line' id='line_1_25' title="bbox 769 3194 2964 3277; baseline -0.001 -19"><span class='ocrx_word' id='word_1_195' title='bbox 769 3204 1177 3277; x_wconf 89' lang='lat' dir='ltr'>exprompta</span> <span class='ocrx_word' id='word_1_196' title='bbox 1223 3216 1402 3271; x_wconf 89' lang='lat' dir='ltr'>esse,</span> <span class='ocrx_word' id='word_1_197' title='bbox 1449 3196 1605 3259; x_wconf 92' lang='lat' dir='ltr'>ideo</span> <span class='ocrx_word' id='word_1_198' title='bbox 1654 3197 1859 3259; x_wconf 90' lang='lat' dir='ltr'>etiam</span> <span class='ocrx_word' id='word_1_199' title='bbox 1907 3195 2295 3259; x_wconf 91' lang='lat' dir='ltr'>credibilius</span> <span class='ocrx_word' id='word_1_200' title='bbox 2340 3194 2433 3271; x_wconf 87' lang='lat' dir='ltr'>fit,</span> <span class='ocrx_word' id='word_1_201' title='bbox 2465 3196 2649 3277; x_wconf 91' lang='lat' dir='ltr'>quod</span> <span class='ocrx_word' id='word_1_202' title='bbox 2677 3216 2716 3257; x_wconf 93' lang='lat' dir='ltr'>e</span> <span class='ocrx_word' id='word_1_203' title='bbox 2740 3195 2964 3257; x_wconf 89' lang='lat' dir='ltr'>tribus</span> 
     </span>
    </p>
   </div>
   <div class='ocr_carea' id='block_1_3' title="bbox 652 3311 2962 3395">
    <p class='ocr_par' dir='ltr' id='par_1_4' title="bbox 652 3311 2962 3395">
     <span class='ocr_line' id='line_1_26' title="bbox 652 3311 2962 3395; baseline -0 -22"><span class='ocrx_word' id='word_1_204' title='bbox 652 3383 657 3386; x_wconf 73' lang='lat'><em>,</em></span> <span class='ocrx_word' id='word_1_205' title='bbox 769 3311 1160 3376; x_wconf 90' lang='lat' dir='ltr'>foederibus</span> <span class='ocrx_word' id='word_1_206' title='bbox 1206 3332 1382 3393; x_wconf 93' lang='lat' dir='ltr'>quae</span> <span class='ocrx_word' id='word_1_207' title='bbox 1430 3313 1517 3374; x_wconf 92' lang='lat' dir='ltr'>ad</span> <span class='ocrx_word' id='word_1_208' title='bbox 1562 3314 1848 3374; x_wconf 86' lang='lat' dir='ltr'>verbum</span> <span class='ocrx_word' id='word_1_209' title='bbox 1893 3312 2212 3394; x_wconf 89' lang='lat' dir='ltr'>repetivit</span> <span class='ocrx_word' id='word_1_210' title='bbox 2258 3311 2518 3395; x_wconf 93' lang='lat' dir='ltr'>(foedus</span> <span class='ocrx_word' id='word_1_211' title='bbox 2550 3311 2776 3374; x_wconf 90' lang='lat' dir='ltr'>Carth.</span> <span class='ocrx_word' id='word_1_212' title='bbox 2803 3331 2962 3373; x_wconf 92' lang='lat' dir='ltr'>cum</span> 
     </span>
    </p>
   </div>
   <div class='ocr_carea' id='block_1_4' title="bbox 685 3427 2962 3856">
    <p class='ocr_par' dir='ltr' id='par_1_5' title="bbox 685 3427 2962 3856">
     <span class='ocr_line' id='line_1_27' title="bbox 766 3427 2959 3509; baseline -0.001 -18"><span class='ocrx_word' id='word_1_213' title='bbox 766 3428 1089 3509; x_wconf 94' lang='lat' dir='ltr'>Philippo</span> <span class='ocrx_word' id='word_1_214' title='bbox 1136 3448 1194 3490; x_wconf 89' lang='lat' dir='ltr'>a.</span> <span class='ocrx_word' id='word_1_215' title='bbox 1246 3448 1368 3505; x_wconf 87' lang='lat'>215</span> <span class='ocrx_word' id='word_1_216' title='bbox 1419 3428 1494 3490; x_wconf 94' lang='lat' dir='ltr'>P.</span> <span class='ocrx_word' id='word_1_217' title='bbox 1541 3427 1695 3491; x_wconf 93' lang='lat' dir='ltr'>VII.</span> <span class='ocrx_word' id='word_1_218' title='bbox 1746 3449 1800 3501; x_wconf 93' lang='lat' dir='ltr'>c,</span> <span class='ocrx_word' id='word_1_219' title='bbox 1851 3451 1923 3507; x_wconf 89' lang='grc'>9;</span> <span class='ocrx_word' id='word_1_220' title='bbox 1970 3429 2175 3491; x_wconf 90' lang='lat' dir='ltr'>Rom.</span> <span class='ocrx_word' id='word_1_221' title='bbox 2224 3448 2377 3491; x_wconf 92' lang='lat' dir='ltr'>cum</span> <span class='ocrx_word' id='word_1_222' title='bbox 2421 3427 2695 3491; x_wconf 89' lang='lat' dir='ltr'>Aetolis</span> <span class='ocrx_word' id='word_1_223' title='bbox 2730 3448 2788 3489; x_wconf 91' lang='lat' dir='ltr'>a.</span> <span class='ocrx_word' id='word_1_224' title='bbox 2831 3432 2959 3506; x_wconf 83' lang='lat'>189</span> 
     </span>
     <span class='ocr_line' id='line_1_28' title="bbox 685 3526 2962 3623; baseline -0.002 -15"><span class='ocrx_word' id='word_1_225' title='bbox 685 3526 690 3532; x_wconf 83' lang='lat'>&#39;</span> <span class='ocrx_word' id='word_1_226' title='bbox 764 3545 841 3608; x_wconf 89' lang='grc' dir='ltr'>Ρ.</span> <span class='ocrx_word' id='word_1_227' title='bbox 912 3543 1153 3606; x_wconf 83' lang='lat' dir='ltr'>xxn.</span> <span class='ocrx_word' id='word_1_228' title='bbox 1227 3565 1333 3621; x_wconf 85' lang='lat'>13;</span> <span class='ocrx_word' id='word_1_229' title='bbox 1398 3564 1553 3606; x_wconf 79' lang='lat' dir='ltr'>cum</span> <span class='ocrx_word' id='word_1_230' title='bbox 1614 3543 1961 3607; x_wconf 77' lang='lat' dir='ltr'>Antiocho</span> <span class='ocrx_word' id='word_1_231' title='bbox 2023 3564 2081 3606; x_wconf 80' lang='lat' dir='ltr'>a.</span> <span class='ocrx_word' id='word_1_232' title='bbox 2152 3548 2272 3607; x_wconf 90' lang='lat'>188</span> <span class='ocrx_word' id='word_1_233' title='bbox 2332 3543 2408 3606; x_wconf 88' lang='lat' dir='ltr'>P.</span> <span class='ocrx_word' id='word_1_234' title='bbox 2455 3542 2695 3605; x_wconf 81' lang='lat' dir='ltr'>xxn.</span> <span class='ocrx_word' id='word_1_235' title='bbox 2745 3562 2799 3605; x_wconf 80' lang='lat' dir='ltr'>e.</span> <span class='ocrx_word' id='word_1_236' title='bbox 2851 3541 2962 3623; x_wconf 82' lang='lat'>23)</span> 
     </span>
     <span class='ocr_line' id='line_1_29' title="bbox 765 3658 2958 3743; baseline -0.001 -21"><span class='ocrx_word' id='word_1_237' title='bbox 765 3661 900 3722; x_wconf 93' lang='lat' dir='ltr'>duo</span> <span class='ocrx_word' id='word_1_238' title='bbox 947 3661 1118 3743; x_wconf 92' lang='lat' dir='ltr'>(ann.</span> <span class='ocrx_word' id='word_1_239' title='bbox 1175 3664 1295 3737; x_wconf 81' lang='lat'>189</span> <span class='ocrx_word' id='word_1_240' title='bbox 1345 3668 1415 3721; x_wconf 91' lang='lat' dir='ltr'>et</span> <span class='ocrx_word' id='word_1_241' title='bbox 1470 3658 1612 3740; x_wconf 88' lang='lat'><em>188)</em></span> <span class='ocrx_word' id='word_1_242' title='bbox 1659 3679 1751 3721; x_wconf 94' lang='lat' dir='ltr'>ex</span> <span class='ocrx_word' id='word_1_243' title='bbox 1796 3659 2040 3721; x_wconf 91' lang='lat' dir='ltr'>eodem</span> <span class='ocrx_word' id='word_1_244' title='bbox 2086 3659 2423 3721; x_wconf 91' lang='lat' dir='ltr'>tabulario</span> <span class='ocrx_word' id='word_1_245' title='bbox 2472 3658 2756 3719; x_wconf 92' lang='lat' dir='ltr'>oriunda</span> <span class='ocrx_word' id='word_1_246' title='bbox 2801 3677 2958 3719; x_wconf 89' lang='lat' dir='ltr'>esse</span> 
     </span>
     <span class='ocr_line' id='line_1_30' title="bbox 764 3773 2959 3856; baseline -0.001 -17"><span class='ocrx_word' id='word_1_247' title='bbox 764 3776 1097 3839; x_wconf 86' lang='lat' dir='ltr'>videntur.</span> <span class='ocrx_word' id='word_1_248' title='bbox 1170 3775 1280 3838; x_wconf 92' lang='lat' dir='ltr'>De</span> <span class='ocrx_word' id='word_1_249' title='bbox 1325 3774 1601 3838; x_wconf 91' lang='lat' dir='ltr'>foedere</span> <span class='ocrx_word' id='word_1_250' title='bbox 1648 3796 1803 3838; x_wconf 92' lang='lat' dir='ltr'>cum</span> <span class='ocrx_word' id='word_1_251' title='bbox 1847 3775 2193 3838; x_wconf 86' lang='lat' dir='ltr'>Antiocho</span> <span class='ocrx_word' id='word_1_252' title='bbox 2239 3776 2309 3837; x_wconf 91' lang='lat' dir='ltr'>id</span> <span class='ocrx_word' id='word_1_253' title='bbox 2354 3784 2641 3856; x_wconf 92' lang='lat' dir='ltr'>apparet</span> <span class='ocrx_word' id='word_1_254' title='bbox 2684 3773 2959 3837; x_wconf 91' lang='lat' dir='ltr'>collatis</span> 
     </span>
    </p>
   </div>
   <div class='ocr_carea' id='block_1_5' title="bbox 766 3889 2957 4089">
    <p class='ocr_par' dir='ltr' id='par_1_6' title="bbox 766 3889 2957 4089">
     <span class='ocr_line' id='line_1_31' title="bbox 766 3889 2957 3971; baseline -0 -19"><span class='ocrx_word' id='word_1_255' title='bbox 766 3892 963 3953; x_wconf 89' lang='lat' dir='ltr'>Livio</span> <span class='ocrx_word' id='word_1_256' title='bbox 1024 3890 1445 3954; x_wconf 87' lang='lat' dir='ltr'>XXXVIII.</span> <span class='ocrx_word' id='word_1_257' title='bbox 1510 3912 1564 3954; x_wconf 88' lang='lat' dir='ltr'>e.</span> <span class='ocrx_word' id='word_1_258' title='bbox 1630 3897 1745 3970; x_wconf 85' lang='lat'>38,</span> <span class='ocrx_word' id='word_1_259' title='bbox 1809 3890 2195 3966; x_wconf 93' lang='lat' dir='ltr'>XXXVH.</span> <span class='ocrx_word' id='word_1_260' title='bbox 2260 3912 2314 3954; x_wconf 95' lang='lat' dir='ltr'>c.</span> <span class='ocrx_word' id='word_1_261' title='bbox 2375 3911 2454 3968; x_wconf 83' lang='lat'>55</span> <span class='ocrx_word' id='word_1_262' title='bbox 2516 3900 2585 3952; x_wconf 93' lang='lat' dir='ltr'>et</span> <span class='ocrx_word' id='word_1_263' title='bbox 2630 3889 2957 3971; x_wconf 92' lang='lat' dir='ltr'>Appiano</span> 
     </span>
     <span class='ocr_line' id='line_1_32' title="bbox 769 4004 2957 4089; baseline -0.001 -19"><span class='ocrx_word' id='word_1_264' title='bbox 769 4004 918 4088; x_wconf 91' lang='lat' dir='ltr'>Syr.</span> <span class='ocrx_word' id='word_1_265' title='bbox 990 4028 1044 4070; x_wconf 94' lang='lat' dir='ltr'>c.</span> <span class='ocrx_word' id='word_1_266' title='bbox 1118 4029 1199 4086; x_wconf 81' lang='grc'>39</span> <span class='ocrx_word' id='word_1_267' title='bbox 1219 4056 1233 4083; x_wconf 87' lang='grc'><em>,</em></span> <span class='ocrx_word' id='word_1_268' title='bbox 1304 4027 1588 4088; x_wconf 93' lang='lat' dir='ltr'>quorum</span> <span class='ocrx_word' id='word_1_269' title='bbox 1649 4015 1935 4088; x_wconf 92' lang='lat' dir='ltr'>uterque</span> <span class='ocrx_word' id='word_1_270' title='bbox 1995 4007 2269 4089; x_wconf 91' lang='lat' dir='ltr'>Polybii</span> <span class='ocrx_word' id='word_1_271' title='bbox 2330 4006 2761 4069; x_wconf 90' lang='lat' dir='ltr'>traditionem</span> <span class='ocrx_word' id='word_1_272' title='bbox 2815 4006 2957 4068; x_wconf 90' lang='lat' dir='ltr'>suis</span> 
     </span>
    </p>
   </div>
   <div class='ocr_carea' id='block_1_6' title="bbox 774 4178 1133 4185">
    <p class='ocr_par' dir='ltr' id='par_1_7' title="bbox 774 4178 1133 4185">
     <span class='ocr_line' id='line_1_33' title="bbox 774 4178 1133 4185; baseline 0 899"><span class='ocrx_word' id='word_1_273' title='bbox 774 4178 1133 4185; x_wconf 95' lang='lat' dir='ltr'> </span> 
     </span>
    </p>
   </div>
   <div class='ocr_carea' id='block_1_7' title="bbox 761 4274 2954 4453">
    <p class='ocr_par' dir='ltr' id='par_1_8' title="bbox 761 4274 2954 4453">
     <span class='ocr_line' id='line_1_34' title="bbox 856 4274 2954 4356; baseline 0.001 -21"><span class='ocrx_word' id='word_1_274' title='bbox 856 4274 895 4356; x_wconf 92' lang='lat'>¹)</span> <span class='ocrx_word' id='word_1_275' title='bbox 937 4278 1092 4336; x_wconf 93' lang='lat' dir='ltr'>Non.</span> <span class='ocrx_word' id='word_1_276' title='bbox 1136 4298 1194 4354; x_wconf 90' lang='lat' dir='ltr'>p.</span> <span class='ocrx_word' id='word_1_277' title='bbox 1247 4300 1359 4336; x_wconf 91' lang='lat'>100</span> <span class='ocrx_word' id='word_1_278' title='bbox 1402 4278 1675 4338; x_wconf 89' lang='lat' dir='ltr'>Mercier.</span> <span class='ocrx_word' id='word_1_279' title='bbox 1741 4280 1937 4338; x_wconf 92' lang='lat' dir='ltr'>Locus</span> <span class='ocrx_word' id='word_1_280' title='bbox 1978 4288 2282 4338; x_wconf 87' lang='lat' dir='ltr'>correctus</span> <span class='ocrx_word' id='word_1_281' title='bbox 2303 4296 2339 4337; x_wconf 88' lang='lat' dir='ltr'>a</span> <span class='ocrx_word' id='word_1_282' title='bbox 2367 4280 2558 4338; x_wconf 81' lang='lat' dir='ltr'>Peter.</span> <span class='ocrx_word' id='word_1_283' title='bbox 2589 4277 2746 4337; x_wconf 88' lang='lat' dir='ltr'>Hist.</span> <span class='ocrx_word' id='word_1_284' title='bbox 2774 4280 2954 4338; x_wconf 91' lang='lat' dir='ltr'>Rom.</span> 
     </span>
     <span class='ocr_line' id='line_1_35' title="bbox 761 4375 2125 4453; baseline 0.002 -21"><span class='ocrx_word' id='word_1_285' title='bbox 761 4375 912 4433; x_wconf 86' lang='lat' dir='ltr'>Rell.</span> <span class='ocrx_word' id='word_1_286' title='bbox 956 4395 1016 4451; x_wconf 90' lang='lat' dir='ltr'>p.</span> <span class='ocrx_word' id='word_1_287' title='bbox 1064 4392 1136 4451; x_wconf 89' lang='lat'>79</span> <span class='ocrx_word' id='word_1_288' title='bbox 1180 4395 1213 4448; x_wconf 81' lang='lat' dir='ltr'>e</span> <span class='ocrx_word' id='word_1_289' title='bbox 1255 4377 1405 4436; x_wconf 88' lang='lat' dir='ltr'>Gell.</span> <span class='ocrx_word' id='word_1_290' title='bbox 1447 4379 1553 4435; x_wconf 91' lang='lat' dir='ltr'>XI.</span> <span class='ocrx_word' id='word_1_291' title='bbox 1603 4397 1674 4437; x_wconf 91' lang='lat'>10</span> <span class='ocrx_word' id='word_1_292' title='bbox 1718 4379 1802 4436; x_wconf 91' lang='lat' dir='ltr'>M.</span> <span class='ocrx_word' id='word_1_293' title='bbox 1848 4379 1923 4435; x_wconf 94' lang='lat' dir='ltr'>V.</span> <span class='ocrx_word' id='word_1_294' title='bbox 1967 4398 2023 4450; x_wconf 92' lang='lat'>4.</span> <span class='ocrx_word' id='word_1_295' title='bbox 2071 4394 2125 4453; x_wconf 88' lang='lat'>5.</span> 
     </span>
    </p>
   </div>
   <div class='ocr_carea' id='block_1_8' title="bbox 3312 0 3320 2067">
    <p class='ocr_par' dir='ltr' id='par_1_9' title="bbox 3312 0 3320 2067">
     <span class='ocr_line' id='line_1_36' title="bbox 3312 0 3320 2067; baseline 0 0"><span class='ocrx_word' id='word_1_296' title='bbox 3312 0 3320 2067; x_wconf 95' lang='lat' dir='ltr'> </span> 
     </span>
    </p>
   </div>
   <div class='ocr_carea' id='block_1_9' title="bbox 3313 2632 3317 3339">
    <p class='ocr_par' dir='ltr' id='par_1_10' title="bbox 3313 2632 3317 3339">
     <span class='ocr_line' id='line_1_37' title="bbox 3313 2632 3317 3339; baseline 0 0"><span class='ocrx_word' id='word_1_297' title='bbox 3313 2632 3317 3339; x_wconf 95' lang='lat' dir='ltr'> </span> 
     </span>
    </p>
   </div>
   <div class='ocr_carea' id='block_1_10' title="bbox 3312 3486 3318 5030">
    <p class='ocr_par' dir='ltr' id='par_1_11' title="bbox 3312 3486 3318 5030">
     <span class='ocr_line' id='line_1_38' title="bbox 3312 3486 3318 5030; baseline 0 0"><span class='ocrx_word' id='word_1_298' title='bbox 3312 3486 3318 5030; x_wconf 95' lang='lat' dir='ltr'> </span> 
     </span>
    </p>
   </div>
  </div>
 </body>
</html>
