<?xml version="1.0" encoding="UTF-8"?>
<!DOCTYPE html PUBLIC "-//W3C//DTD XHTML 1.0 Transitional//EN"
    "http://www.w3.org/TR/xhtml1/DTD/xhtml1-transitional.dtd">
<html xmlns="http://www.w3.org/1999/xhtml" xml:lang="en" lang="en">
 <head>
  <title>
</title>
<meta http-equiv="Content-Type" content="text/html;charset=utf-8" />
  <meta name='ocr-system' content='tesseract 3.04.00' />
  <meta name='ocr-capabilities' content='ocr_page ocr_carea ocr_par ocr_line ocrx_word'/>
</head>
<body>
  <div class='ocr_page' id='page_1' title='image "./depolybiifontib00wetegoog_0050.png"; bbox 0 0 3375 5084; ppageno 0'>
   <div class='ocr_carea' id='block_1_1' title="bbox 1782 307 1863 380">
    <p class='ocr_par' dir='ltr' id='par_1_1' title="bbox 1782 307 1863 380">
     <span class='ocr_line' id='line_1_1' title="bbox 1782 307 1863 380; baseline 0 -16"><span class='ocrx_word' id='word_1_1' title='bbox 1782 307 1863 380; x_wconf 86' lang='lat'><strong>38</strong></span> 
     </span>
    </p>
   </div>
   <div class='ocr_carea' id='block_1_2' title="bbox 735 491 2933 3360">
    <p class='ocr_par' dir='ltr' id='par_1_2' title="bbox 735 491 2930 2875">
     <span class='ocr_line' id='line_1_2' title="bbox 735 491 2912 577; baseline -0.002 -19"><span class='ocrx_word' id='word_1_2' title='bbox 735 496 1147 577; x_wconf 83' lang='lat' dir='ltr'><strong>implicatam</strong></span> <span class='ocrx_word' id='word_1_3' title='bbox 1216 504 1287 558; x_wconf 93' lang='lat' dir='ltr'><strong>et</strong></span> <span class='ocrx_word' id='word_1_4' title='bbox 1354 497 1633 577; x_wconf 85' lang='lat' dir='ltr'><strong>longam</strong></span> <span class='ocrx_word' id='word_1_5' title='bbox 1699 496 1894 557; x_wconf 89' lang='lat' dir='ltr'><strong>brevi</strong></span> <span class='ocrx_word' id='word_1_6' title='bbox 1959 515 2137 557; x_wconf 91' lang='lat' dir='ltr'><strong>nunc</strong></span> <span class='ocrx_word' id='word_1_7' title='bbox 2200 502 2514 574; x_wconf 80' lang='lat' dir='ltr'><strong>exponet.</strong></span> <span class='ocrx_word' id='word_1_8' title='bbox 2608 491 2680 555; x_wconf 90' lang='lat' dir='ltr'><strong>Si</strong></span> <span class='ocrx_word' id='word_1_9' title='bbox 2746 492 2912 574; x_wconf 90' lang='lat' dir='ltr'><strong>quid</strong></span> 
     </span>
     <span class='ocr_line' id='line_1_3' title="bbox 737 583 2912 693; baseline -0.002 -21"><span class='ocrx_word' id='word_1_10' title='bbox 737 609 1102 672; x_wconf 89' lang='lat' dir='ltr'><strong>desiderari</strong></span> <span class='ocrx_word' id='word_1_11' title='bbox 1145 583 1511 686; x_wconf 80' lang='lat' dir='ltr'><strong>videbitur,</strong></span> <span class='ocrx_word' id='word_1_12' title='bbox 1558 631 1784 673; x_wconf 90' lang='lat' dir='ltr'><strong>rerum</strong></span> <span class='ocrx_word' id='word_1_13' title='bbox 1829 610 2251 693; x_wconf 83' lang='lat' dir='ltr'><strong>singularum</strong></span> <span class='ocrx_word' id='word_1_14' title='bbox 2288 609 2713 692; x_wconf 84' lang='lat' dir='ltr'>expositione</span> <span class='ocrx_word' id='word_1_15' title='bbox 2744 627 2912 670; x_wconf 82' lang='lat' dir='ltr'><strong>mox</strong></span> 
     </span>
     <span class='ocr_line' id='line_1_4' title="bbox 737 724 2910 808; baseline -0.001 -21"><span class='ocrx_word' id='word_1_16' title='bbox 737 724 1040 788; x_wconf 87' lang='lat' dir='ltr'><strong>defectus</strong></span> <span class='ocrx_word' id='word_1_17' title='bbox 1086 726 1648 808; x_wconf 82' lang='lat' dir='ltr'><strong>compensabitur.</strong></span> <span class='ocrx_word' id='word_1_18' title='bbox 1726 726 1989 789; x_wconf 90' lang='lat' dir='ltr'><strong>Indicat</strong></span> <span class='ocrx_word' id='word_1_19' title='bbox 2032 726 2138 788; x_wconf 90' lang='lat' dir='ltr'><strong>his</strong></span> <span class='ocrx_word' id='word_1_20' title='bbox 2182 725 2410 787; x_wconf 87' lang='lat' dir='ltr'><strong>verbis</strong></span> <span class='ocrx_word' id='word_1_21' title='bbox 2455 744 2529 786; x_wconf 91' lang='lat' dir='ltr'><strong>se</strong></span> <span class='ocrx_word' id='word_1_22' title='bbox 2576 724 2663 786; x_wconf 91' lang='lat' dir='ltr'><strong>de</strong></span> <span class='ocrx_word' id='word_1_23' title='bbox 2710 742 2910 804; x_wconf 91' lang='lat' dir='ltr'><strong>repu-</strong></span> 
     </span>
     <span class='ocr_line' id='line_1_5' title="bbox 735 839 2916 923; baseline -0.002 -20"><span class='ocrx_word' id='word_1_24' title='bbox 735 841 916 903; x_wconf 89' lang='lat' dir='ltr'><strong>blica</strong></span> <span class='ocrx_word' id='word_1_25' title='bbox 982 840 1303 903; x_wconf 86' lang='lat' dir='ltr'><strong>Romana</strong></span> <span class='ocrx_word' id='word_1_26' title='bbox 1368 850 1630 904; x_wconf 89' lang='lat' dir='ltr'><strong>tantum</strong></span> <span class='ocrx_word' id='word_1_27' title='bbox 1699 843 1859 904; x_wconf 87' lang='lat' dir='ltr'><strong>data</strong></span> <span class='ocrx_word' id='word_1_28' title='bbox 1928 861 2139 923; x_wconf 89' lang='lat' dir='ltr'><strong>opera</strong></span> <span class='ocrx_word' id='word_1_29' title='bbox 2208 850 2516 903; x_wconf 89' lang='lat' dir='ltr'><strong>acturum</strong></span> <span class='ocrx_word' id='word_1_30' title='bbox 2582 859 2732 901; x_wconf 90' lang='lat' dir='ltr'><strong>esse</strong></span> <span class='ocrx_word' id='word_1_31' title='bbox 2749 887 2763 913; x_wconf 93' lang='lat'>,</span> <span class='ocrx_word' id='word_1_32' title='bbox 2827 839 2916 900; x_wconf 93' lang='lat' dir='ltr'><strong>de</strong></span> 
     </span>
     <span class='ocr_line' id='line_1_6' title="bbox 738 954 2920 1040; baseline -0.002 -20"><span class='ocrx_word' id='word_1_33' title='bbox 738 954 1017 1021; x_wconf 86' lang='lat' dir='ltr'><strong>Graecis</strong></span> <span class='ocrx_word' id='word_1_34' title='bbox 1077 965 1306 1018; x_wconf 87' lang='lat' dir='ltr'><strong>autem</strong></span> <span class='ocrx_word' id='word_1_35' title='bbox 1364 957 1561 1019; x_wconf 89' lang='lat' dir='ltr'><strong>brevi</strong></span> <span class='ocrx_word' id='word_1_36' title='bbox 1624 977 1969 1040; x_wconf 82' lang='lat' dir='ltr'>exponere</span> <span class='ocrx_word' id='word_1_37' title='bbox 2031 956 2380 1020; x_wconf 86' lang='lat' dir='ltr'><strong>sententiis</strong></span> <span class='ocrx_word' id='word_1_38' title='bbox 2442 954 2750 1018; x_wconf 87' lang='lat' dir='ltr'><strong>Platonis</strong></span> <span class='ocrx_word' id='word_1_39' title='bbox 2794 973 2920 1016; x_wconf 92' lang='lat' dir='ltr'><strong>sua</strong></span> 
     </span>
     <span class='ocr_line' id='line_1_7' title="bbox 736 1071 2917 1153; baseline -0.002 -19"><span class='ocrx_word' id='word_1_40' title='bbox 736 1072 996 1135; x_wconf 88' lang='lat' dir='ltr'><strong>ratione</strong></span> <span class='ocrx_word' id='word_1_41' title='bbox 1066 1072 1387 1135; x_wconf 84' lang='lat' dir='ltr'><strong>adhibitis</strong></span> <span class='ocrx_word' id='word_1_42' title='bbox 1452 1074 1815 1136; x_wconf 89' lang='lat' dir='ltr'><strong>contractis</strong></span> <span class='ocrx_word' id='word_1_43' title='bbox 1875 1073 2167 1136; x_wconf 88' lang='lat' dir='ltr'><strong>mutatis.</strong></span> <span class='ocrx_word' id='word_1_44' title='bbox 2256 1071 2404 1135; x_wconf 90' lang='lat' dir='ltr'><strong>Iam</strong></span> <span class='ocrx_word' id='word_1_45' title='bbox 2463 1071 2699 1153; x_wconf 90' lang='lat' dir='ltr'><strong>paullo</strong></span> <span class='ocrx_word' id='word_1_46' title='bbox 2761 1078 2917 1151; x_wconf 88' lang='lat' dir='ltr'><strong>post</strong></span> 
     </span>
     <span class='ocr_line' id='line_1_8' title="bbox 738 1167 2916 1267; baseline -0.002 -17"><span class='ocrx_word' id='word_1_47' title='bbox 738 1188 1199 1262; x_wconf 86' lang='lat' dir='ltr'><strong>ostendemuS,</strong></span> <span class='ocrx_word' id='word_1_48' title='bbox 1256 1208 1408 1250; x_wconf 90' lang='lat' dir='ltr'><strong>eam</strong></span> <span class='ocrx_word' id='word_1_49' title='bbox 1454 1167 1856 1252; x_wconf 72' lang='lat' dir='ltr'><strong>sententiam</strong></span> <span class='ocrx_word' id='word_1_50' title='bbox 1902 1189 2194 1251; x_wconf 87' lang='lat' dir='ltr'><strong>civitatis</strong></span> <span class='ocrx_word' id='word_1_51' title='bbox 2239 1186 2489 1250; x_wconf 86' lang='lat' dir='ltr'><strong>formas</strong></span> <span class='ocrx_word' id='word_1_52' title='bbox 2534 1206 2801 1267; x_wconf 87' lang='lat' dir='ltr'><strong>semper</strong></span> <span class='ocrx_word' id='word_1_53' title='bbox 2844 1185 2916 1246; x_wconf 92' lang='lat' dir='ltr'><strong>in</strong></span> 
     </span>
     <span class='ocr_line' id='line_1_9' title="bbox 740 1300 2917 1386; baseline -0.002 -21"><span class='ocrx_word' id='word_1_54' title='bbox 740 1304 984 1366; x_wconf 92' lang='lat' dir='ltr'><strong>eodem</strong></span> <span class='ocrx_word' id='word_1_55' title='bbox 1038 1303 1203 1365; x_wconf 89' lang='lat' dir='ltr'><strong>orbe</strong></span> <span class='ocrx_word' id='word_1_56' title='bbox 1248 1304 1504 1365; x_wconf 89' lang='lat' dir='ltr'><strong>versari</strong></span> <span class='ocrx_word' id='word_1_57' title='bbox 1549 1304 1855 1367; x_wconf 90' lang='lat' dir='ltr'><strong>Platonis</strong></span> <span class='ocrx_word' id='word_1_58' title='bbox 1902 1324 2050 1366; x_wconf 89' lang='lat' dir='ltr'><strong>esse</strong></span> <span class='ocrx_word' id='word_1_59' title='bbox 2068 1353 2083 1379; x_wconf 96' lang='lat'>,</span> <span class='ocrx_word' id='word_1_60' title='bbox 2131 1322 2541 1386; x_wconf 90' lang='lat' dir='ltr'><strong>quamquam</strong></span> <span class='ocrx_word' id='word_1_61' title='bbox 2587 1300 2917 1382; x_wconf 90' lang='lat' dir='ltr'><strong>Polybius</strong></span> 
     </span>
     <span class='ocr_line' id='line_1_10' title="bbox 739 1417 2926 1502; baseline -0.003 -19"><span class='ocrx_word' id='word_1_62' title='bbox 739 1441 822 1483; x_wconf 90' lang='lat' dir='ltr'><strong>ea</strong></span> <span class='ocrx_word' id='word_1_63' title='bbox 866 1440 1003 1482; x_wconf 93' lang='lat' dir='ltr'><strong>non</strong></span> <span class='ocrx_word' id='word_1_64' title='bbox 1045 1421 1249 1502; x_wconf 92' lang='lat' dir='ltr'><strong>plane</strong></span> <span class='ocrx_word' id='word_1_65' title='bbox 1296 1421 1542 1484; x_wconf 91' lang='lat' dir='ltr'><strong>eodem·</strong></span> <span class='ocrx_word' id='word_1_66' title='bbox 1584 1422 1789 1484; x_wconf 91' lang='lat' dir='ltr'><strong>modo</strong></span> <span class='ocrx_word' id='word_1_67' title='bbox 1836 1422 2062 1485; x_wconf 89' lang='lat' dir='ltr'><strong>utitur.</strong></span> <span class='ocrx_word' id='word_1_68' title='bbox 2140 1417 2280 1485; x_wconf 88' lang='lat' dir='ltr'><strong>Sed</strong></span> <span class='ocrx_word' id='word_1_69' title='bbox 2326 1429 2528 1493; x_wconf 85' lang='lat' dir='ltr'><strong>antea</strong></span> <span class='ocrx_word' id='word_1_70' title='bbox 2575 1417 2926 1481; x_wconf 66' lang='lat' dir='ltr'><strong>enarrabi-</strong></span> 
     </span>
     <span class='ocr_line' id='line_1_11' title="bbox 740 1531 2923 1619; baseline -0.002 -21"><span class='ocrx_word' id='word_1_71' title='bbox 740 1556 891 1598; x_wconf 91' lang='lat' dir='ltr'><strong>mus</strong></span> <span class='ocrx_word' id='word_1_72' title='bbox 988 1536 1560 1617; x_wconf 91' lang='lat' dir='ltr'><strong>quemadmodum</strong></span> <span class='ocrx_word' id='word_1_73' title='bbox 1644 1537 1977 1619; x_wconf 90' lang='lat' dir='ltr'><strong>Polybius</strong></span> <span class='ocrx_word' id='word_1_74' title='bbox 2060 1557 2176 1599; x_wconf 74' lang='lat' dir='ltr'><strong>eas</strong></span> <span class='ocrx_word' id='word_1_75' title='bbox 2266 1535 2694 1599; x_wconf 85' lang='lat' dir='ltr'><strong>transitiones</strong></span> <span class='ocrx_word' id='word_1_76' title='bbox 2777 1531 2923 1594; x_wconf 90' lang='lat' dir='ltr'><strong>fieri</strong></span> 
     </span>
     <span class='ocr_line' id='line_1_12' title="bbox 744 1649 2922 1734; baseline -0.001 -22"><span class='ocrx_word' id='word_1_77' title='bbox 744 1651 1068 1714; x_wconf 88' lang='lat' dir='ltr'><strong>statuerit.</strong></span> <span class='ocrx_word' id='word_1_78' title='bbox 1119 1688 1200 1697; x_wconf 92' lang='lat'>—</span> <span class='ocrx_word' id='word_1_79' title='bbox 1248 1652 1478 1715; x_wconf 89' lang='lat' dir='ltr'><strong>Prima</strong></span> <span class='ocrx_word' id='word_1_80' title='bbox 1525 1652 1764 1715; x_wconf 84' lang='lat' dir='ltr'><strong>civitas</strong></span> <span class='ocrx_word' id='word_1_81' title='bbox 1808 1652 2105 1715; x_wconf 90' lang='lat' dir='ltr'><strong>humana</strong></span> <span class='ocrx_word' id='word_1_82' title='bbox 2148 1652 2490 1734; x_wconf 93' lang='lat' dir='ltr'><strong>quomodo</strong></span> <span class='ocrx_word' id='word_1_83' title='bbox 2537 1659 2685 1712; x_wconf 90' lang='lat' dir='ltr'><strong>orta</strong></span> <span class='ocrx_word' id='word_1_84' title='bbox 2729 1649 2838 1721; x_wconf 91' lang='lat' dir='ltr'><strong>sit,</strong></span> <span class='ocrx_word' id='word_1_85' title='bbox 2880 1668 2922 1709; x_wconf 91' lang='lat' dir='ltr'><strong>e</strong></span> 
     </span>
     <span class='ocr_line' id='line_1_13' title="bbox 743 1765 2918 1852; baseline -0.001 -23"><span class='ocrx_word' id='word_1_86' title='bbox 743 1767 990 1849; x_wconf 90' lang='lat' dir='ltr'><strong>quibus</strong></span> <span class='ocrx_word' id='word_1_87' title='bbox 1033 1768 1237 1832; x_wconf 89' lang='lat' dir='ltr'><strong>initiis</strong></span> <span class='ocrx_word' id='word_1_88' title='bbox 1283 1769 1615 1851; x_wconf 85' lang='lat' dir='ltr'><strong>originem</strong></span> <span class='ocrx_word' id='word_1_89' title='bbox 1663 1770 1920 1851; x_wconf 88' lang='lat' dir='ltr'><strong>ceperit</strong></span> <span class='ocrx_word' id='word_1_90' title='bbox 1964 1769 2294 1852; x_wconf 89' lang='lat' dir='ltr'><strong>Polybius</strong></span> <span class='ocrx_word' id='word_1_91' title='bbox 2343 1767 2662 1850; x_wconf 83' lang='lat' dir='ltr'><strong>exposuit</strong></span> <span class='ocrx_word' id='word_1_92' title='bbox 2706 1765 2918 1828; x_wconf 86' lang='lat' dir='ltr'><strong>fretus</strong></span> 
     </span>
     <span class='ocr_line' id='line_1_14' title="bbox 745 1883 2924 1964; baseline -0.001 -19"><span class='ocrx_word' id='word_1_93' title='bbox 745 1884 1148 1947; x_wconf 87' lang='lat' dir='ltr'><strong>auctoritate</strong></span> <span class='ocrx_word' id='word_1_94' title='bbox 1194 1884 1513 1947; x_wconf 86' lang='lat' dir='ltr'><strong>Platonis.</strong></span> <span class='ocrx_word' id='word_1_95' title='bbox 1585 1883 1728 1949; x_wconf 89' lang='lat' dir='ltr'><strong>Sed</strong></span> <span class='ocrx_word' id='word_1_96' title='bbox 1774 1906 1929 1948; x_wconf 91' lang='lat' dir='ltr'><strong>cum</strong></span> <span class='ocrx_word' id='word_1_97' title='bbox 1973 1886 2031 1948; x_wconf 92' lang='lat' dir='ltr'><strong>is</strong></span> <span class='ocrx_word' id='word_1_98' title='bbox 2078 1887 2166 1948; x_wconf 90' lang='lat' dir='ltr'><strong>ad</strong></span> <span class='ocrx_word' id='word_1_99' title='bbox 2219 1893 2526 1948; x_wconf 86' lang='lat' dir='ltr'><strong>vetustas</strong></span> <span class='ocrx_word' id='word_1_100' title='bbox 2565 1891 2924 1964; x_wconf 90' lang='lat' dir='ltr'><strong>poetarum</strong></span> 
     </span>
     <span class='ocr_line' id='line_1_15' title="bbox 745 1997 2924 2084; baseline -0.001 -24"><span class='ocrx_word' id='word_1_101' title='bbox 745 1999 1139 2063; x_wconf 88' lang='lat' dir='ltr'><strong>traditiones</strong></span> <span class='ocrx_word' id='word_1_102' title='bbox 1197 1999 1603 2083; x_wconf 88' lang='lat' dir='ltr'><strong>provocaret</strong></span> <span class='ocrx_word' id='word_1_103' title='bbox 1618 2049 1632 2076; x_wconf 92' lang='lat'>‚</span> <span class='ocrx_word' id='word_1_104' title='bbox 1696 2002 1923 2084; x_wconf 89' lang='lat' dir='ltr'><strong>aliquo</strong></span> <span class='ocrx_word' id='word_1_105' title='bbox 1987 2010 2171 2064; x_wconf 91' lang='lat' dir='ltr'><strong>certe</strong></span> <span class='ocrx_word' id='word_1_106' title='bbox 2189 2050 2203 2075; x_wconf 93' lang='lat'>,</span> <span class='ocrx_word' id='word_1_107' title='bbox 2251 2000 2379 2063; x_wconf 88' lang='lat' dir='ltr'><strong>etsi</strong></span> <span class='ocrx_word' id='word_1_108' title='bbox 2425 1999 2667 2073; x_wconf 89' lang='lat' dir='ltr'><strong>debili,</strong></span> <span class='ocrx_word' id='word_1_109' title='bbox 2713 1997 2924 2060; x_wconf 90' lang='lat' dir='ltr'><strong>utitur</strong></span> 
     </span>
     <span class='ocr_line' id='line_1_16' title="bbox 746 2111 2923 2199; baseline -0.001 -23"><span class='ocrx_word' id='word_1_110' title='bbox 746 2114 1149 2178; x_wconf 89' lang='lat' dir='ltr'><strong>testimonio.</strong></span> <span class='ocrx_word' id='word_1_111' title='bbox 1240 2116 1571 2198; x_wconf 90' lang='lat' dir='ltr'><strong>Polybius</strong></span> <span class='ocrx_word' id='word_1_112' title='bbox 1631 2118 1753 2180; x_wconf 91' lang='lat' dir='ltr'><strong>tali</strong></span> <span class='ocrx_word' id='word_1_113' title='bbox 1818 2137 1892 2180; x_wconf 91' lang='lat' dir='ltr'><strong>re</strong></span> <span class='ocrx_word' id='word_1_114' title='bbox 1957 2137 2129 2199; x_wconf 93' lang='lat' dir='ltr'><strong>opus</strong></span> <span class='ocrx_word' id='word_1_115' title='bbox 2176 2137 2325 2179; x_wconf 93' lang='lat' dir='ltr'><strong>esse</strong></span> <span class='ocrx_word' id='word_1_116' title='bbox 2370 2115 2643 2177; x_wconf 91' lang='lat' dir='ltr'><strong>minime</strong></span> <span class='ocrx_word' id='word_1_117' title='bbox 2692 2111 2923 2176; x_wconf 90' lang='lat' dir='ltr'><strong>credit.</strong></span> 
     </span>
     <span class='ocr_line' id='line_1_17' title="bbox 746 2227 2928 2314; baseline -0.001 -22"><span class='ocrx_word' id='word_1_118' title='bbox 746 2230 1006 2293; x_wconf 88' lang='lat' dir='ltr'><strong>Verum</strong></span> <span class='ocrx_word' id='word_1_119' title='bbox 1075 2240 1305 2294; x_wconf 87' lang='lat' dir='ltr'><strong>tamen</strong></span> <span class='ocrx_word' id='word_1_120' title='bbox 1370 2232 1572 2295; x_wconf 89' lang='lat' dir='ltr'><strong>Plato</strong></span> <span class='ocrx_word' id='word_1_121' title='bbox 1590 2282 1605 2307; x_wconf 92' lang='lat'>,</span> <span class='ocrx_word' id='word_1_122' title='bbox 1670 2242 1747 2295; x_wconf 89' lang='lat' dir='ltr'><strong>ut</strong></span> <span class='ocrx_word' id='word_1_123' title='bbox 1808 2233 2255 2314; x_wconf 89' lang='lat' dir='ltr'><strong>philosophus</strong></span> <span class='ocrx_word' id='word_1_124' title='bbox 2274 2281 2288 2307; x_wconf 95' lang='lat'><strong><em>,</em></strong></span> <span class='ocrx_word' id='word_1_125' title='bbox 2355 2231 2523 2294; x_wconf 91' lang='lat' dir='ltr'><strong>nihil</strong></span> <span class='ocrx_word' id='word_1_126' title='bbox 2593 2227 2928 2293; x_wconf 88' lang='lat' dir='ltr'><strong>affirmare</strong></span> 
     </span>
     <span class='ocr_line' id='line_1_18' title="bbox 748 2346 2927 2434; baseline -0.001 -25"><span class='ocrx_word' id='word_1_127' title='bbox 748 2346 977 2409; x_wconf 90' lang='lat' dir='ltr'><strong>studet</strong></span> <span class='ocrx_word' id='word_1_128' title='bbox 1034 2346 1160 2428; x_wconf 84' lang='lat' dir='ltr'><strong>nisi</strong></span> <span class='ocrx_word' id='word_1_129' title='bbox 1219 2350 1404 2430; x_wconf 92' lang='lat' dir='ltr'><strong>quod</strong></span> <span class='ocrx_word' id='word_1_130' title='bbox 1443 2346 1626 2434; x_wconf 76' lang='lat' dir='ltr'><strong>fieri</strong></span> <span class='ocrx_word' id='word_1_131' title='bbox 1668 2347 2027 2432; x_wconf 74' lang='lat' dir='ltr'><strong>potuisset,</strong></span> <span class='ocrx_word' id='word_1_132' title='bbox 2089 2358 2160 2412; x_wconf 91' lang='lat' dir='ltr'><strong>et</strong></span> <span class='ocrx_word' id='word_1_133' title='bbox 2221 2348 2407 2430; x_wconf 94' lang='lat' dir='ltr'><strong>quod</strong></span> <span class='ocrx_word' id='word_1_134' title='bbox 2424 2396 2439 2421; x_wconf 95' lang='lat'>‚</span> <span class='ocrx_word' id='word_1_135' title='bbox 2488 2347 2543 2409; x_wconf 92' lang='lat' dir='ltr'><strong>si</strong></span> <span class='ocrx_word' id='word_1_136' title='bbox 2590 2346 2927 2429; x_wconf 90' lang='lat' dir='ltr'><strong>quaedam</strong></span> 
     </span>
     <span class='ocr_line' id='line_1_19' title="bbox 749 2462 2926 2551; baseline -0.001 -25"><span class='ocrx_word' id='word_1_137' title='bbox 749 2463 1168 2527; x_wconf 89' lang='lat' dir='ltr'><strong>conditiones</strong></span> <span class='ocrx_word' id='word_1_138' title='bbox 1214 2465 1554 2541; x_wconf 91' lang='lat' dir='ltr'><strong>adessent,</strong></span> <span class='ocrx_word' id='word_1_139' title='bbox 1584 2465 1863 2551; x_wconf 81' lang='lat' dir='ltr'><strong>factum</strong></span> <span class='ocrx_word' id='word_1_140' title='bbox 1911 2471 2115 2539; x_wconf 55' lang='lat' dir='ltr'><strong>esse&amp;</strong></span> <span class='ocrx_word' id='word_1_141' title='bbox 2158 2465 2492 2548; x_wconf 90' lang='lat' dir='ltr'><strong>Polybius</strong></span> <span class='ocrx_word' id='word_1_142' title='bbox 2522 2464 2777 2546; x_wconf 90' lang='lat' dir='ltr'><strong>quippe</strong></span> <span class='ocrx_word' id='word_1_143' title='bbox 2808 2462 2926 2543; x_wconf 93' lang='lat' dir='ltr'><strong>qui</strong></span> 
     </span>
     <span class='ocr_line' id='line_1_20' title="bbox 748 2580 2926 2663; baseline -0.001 -22"><span class='ocrx_word' id='word_1_144' title='bbox 748 2599 856 2641; x_wconf 88' lang='lat' dir='ltr'><strong>res</strong></span> <span class='ocrx_word' id='word_1_145' title='bbox 900 2600 1063 2643; x_wconf 89' lang='lat' dir='ltr'><strong>vere</strong></span> <span class='ocrx_word' id='word_1_146' title='bbox 1110 2591 1343 2663; x_wconf 87' lang='lat' dir='ltr'><strong>gestas</strong></span> <span class='ocrx_word' id='word_1_147' title='bbox 1387 2601 1512 2645; x_wconf 91' lang='lat' dir='ltr'><strong>nos</strong></span> <span class='ocrx_word' id='word_1_148' title='bbox 1557 2583 1804 2646; x_wconf 90' lang='lat' dir='ltr'><strong>docere</strong></span> <span class='ocrx_word' id='word_1_149' title='bbox 1834 2583 2003 2645; x_wconf 87' lang='lat' dir='ltr'><strong>velit</strong></span> <span class='ocrx_word' id='word_1_150' title='bbox 2021 2632 2035 2658; x_wconf 95' lang='lat'><strong><em>,</em></strong></span> <span class='ocrx_word' id='word_1_151' title='bbox 2066 2584 2244 2645; x_wconf 90' lang='lat' dir='ltr'><strong>hanc</strong></span> <span class='ocrx_word' id='word_1_152' title='bbox 2269 2581 2540 2643; x_wconf 90' lang='lat' dir='ltr'><strong>veniam</strong></span> <span class='ocrx_word' id='word_1_153' title='bbox 2561 2580 2926 2660; x_wconf 90' lang='lat' dir='ltr'><strong>impetrare</strong></span> 
     </span>
     <span class='ocr_line' id='line_1_21' title="bbox 748 2696 2930 2782; baseline -0.001 -25"><span class='ocrx_word' id='word_1_154' title='bbox 748 2715 885 2758; x_wconf 93' lang='lat' dir='ltr'><strong>non</strong></span> <span class='ocrx_word' id='word_1_155' title='bbox 943 2706 1188 2778; x_wconf 89' lang='lat' dir='ltr'><strong>potest.</strong></span> <span class='ocrx_word' id='word_1_156' title='bbox 1294 2697 1537 2781; x_wconf 90' lang='lat' dir='ltr'><strong>Itaque</strong></span> <span class='ocrx_word' id='word_1_157' title='bbox 1598 2700 1655 2762; x_wconf 89' lang='lat' dir='ltr'><strong>si</strong></span> <span class='ocrx_word' id='word_1_158' title='bbox 1717 2709 2003 2782; x_wconf 88' lang='lat' dir='ltr'><strong>uterque</strong></span> <span class='ocrx_word' id='word_1_159' title='bbox 2064 2699 2247 2761; x_wconf 91' lang='lat' dir='ltr'><strong>idem</strong></span> <span class='ocrx_word' id='word_1_160' title='bbox 2309 2697 2472 2760; x_wconf 89' lang='lat' dir='ltr'><strong>dicit</strong></span> <span class='ocrx_word' id='word_1_161' title='bbox 2489 2745 2503 2771; x_wconf 94' lang='lat'><strong><em>,</em></strong></span> <span class='ocrx_word' id='word_1_162' title='bbox 2562 2697 2627 2758; x_wconf 90' lang='lat' dir='ltr'><strong>h.</strong></span> <span class='ocrx_word' id='word_1_163' title='bbox 2689 2696 2731 2757; x_wconf 93' lang='grc'><strong>1.</strong></span> <span class='ocrx_word' id='word_1_164' title='bbox 2792 2713 2930 2755; x_wconf 95' lang='lat' dir='ltr'><strong>non</strong></span> 
     </span>
     <span class='ocr_line' id='line_1_22' title="bbox 750 2812 1110 2875; baseline 0 -1"><span class='ocrx_word' id='word_1_165' title='bbox 750 2821 854 2875; x_wconf 92' lang='lat' dir='ltr'><strong>est</strong></span> <span class='ocrx_word' id='word_1_166' title='bbox 897 2812 1110 2874; x_wconf 89' lang='lat' dir='ltr'><strong>idem:</strong></span> 
     </span>
    </p>

    <p class='ocr_par' dir='ltr' id='par_1_3' title="bbox 751 2918 2933 3360">
     <span class='ocr_line' id='line_1_23' title="bbox 837 2918 2928 3011; baseline -0.001 -22"><span class='ocrx_word' id='word_1_167' title='bbox 837 2926 984 2990; x_wconf 91' lang='lat' dir='ltr'><strong>Pol.</strong></span> <span class='ocrx_word' id='word_1_168' title='bbox 1045 2926 1165 2990; x_wconf 91' lang='lat' dir='ltr'><strong>VI.</strong></span> <span class='ocrx_word' id='word_1_169' title='bbox 1227 2948 1281 2990; x_wconf 88' lang='lat' dir='ltr'><strong>e.</strong></span> <span class='ocrx_word' id='word_1_170' title='bbox 1347 2948 1382 3006; x_wconf 86' lang='lat'>5</span> <span class='ocrx_word' id='word_1_171' title='bbox 1434 2935 1465 3005; x_wconf 67' lang='lat'>5</span> <span class='ocrx_word' id='word_1_172' title='bbox 1514 2952 1586 3007; x_wconf 93' lang='lat'><strong>4:</strong></span> <span class='ocrx_word' id='word_1_173' title='bbox 1767 2930 1968 2992; x_wconf 90' lang='lat' dir='ltr'><strong>Plato</strong></span> <span class='ocrx_word' id='word_1_174' title='bbox 2029 2928 2251 3011; x_wconf 84' lang='lat' dir='ltr'>Legg.</span> <span class='ocrx_word' id='word_1_175' title='bbox 2311 2927 2413 2989; x_wconf 93' lang='grc' dir='ltr'><strong>ΠΙ</strong></span> <span class='ocrx_word' id='word_1_176' title='bbox 2478 2930 2632 3006; x_wconf 88' lang='lat'>677:</span> <span class='ocrx_word' id='word_1_177' title='bbox 2681 2925 2771 2989; x_wconf 88' lang='lat' dir='ltr'><strong>A.</strong></span> <span class='ocrx_word' id='word_1_178' title='bbox 2822 2918 2928 3004; x_wconf 81' lang='grc' dir='ltr'><strong>ἆρ’</strong></span> 
     </span>
     <span class='ocr_line' id='line_1_24' title="bbox 751 3036 2928 3128; baseline -0.008 -11"><span class='ocrx_word' id='word_1_179' title='bbox 751 3043 943 3116; x_wconf 74' lang='grc' dir='ltr'><strong>πθῖας</strong></span> <span class='ocrx_word' id='word_1_180' title='bbox 1011 3036 1123 3106; x_wconf 70' lang='grc' dir='ltr'><strong>θῦν</strong></span> <span class='ocrx_word' id='word_1_181' title='bbox 1172 3041 1371 3127; x_wconf 80' lang='grc' dir='ltr'><strong>οἷρχὰς</strong></span> <span class='ocrx_word' id='word_1_182' title='bbox 1420 3040 1587 3123; x_wconf 80' lang='grc' dir='ltr'><strong>λέγω</strong></span> <span class='ocrx_word' id='word_1_183' title='bbox 1677 3039 1790 3111; x_wconf 76' lang='grc' dir='ltr'><strong>οὖν</strong></span> <span class='ocrx_word' id='word_1_184' title='bbox 1831 3051 1981 3128; x_wconf 74' lang='grc' dir='ltr'><strong>ὑμῖν</strong></span> <span class='ocrx_word' id='word_1_185' title='bbox 2010 3046 2072 3107; x_wconf 85' lang='grc' dir='ltr'><strong>οἱ</strong></span> <span class='ocrx_word' id='word_1_186' title='bbox 2096 3041 2366 3109; x_wconf 87' lang='grc' dir='ltr'><strong>παλαιοὶ</strong></span> <span class='ocrx_word' id='word_1_187' title='bbox 2397 3039 2574 3121; x_wconf 82' lang='grc' dir='ltr'><em>λόγοι</em></span> <span class='ocrx_word' id='word_1_188' title='bbox 2602 3038 2928 3123; x_wconf 71' lang='grc' dir='ltr'><strong>ἀλήθειαν</strong></span> 
     </span>
     <span class='ocr_line' id='line_1_25' title="bbox 753 3152 2932 3245; baseline -0.001 -25"><span class='ocrx_word' id='word_1_189' title='bbox 753 3162 862 3222; x_wconf 83' lang='grc' dir='ltr'><strong>καὶ</strong></span> <span class='ocrx_word' id='word_1_190' title='bbox 891 3160 1098 3223; x_wconf 74' lang='grc' dir='ltr'><strong><em>πόθεν</em></strong></span> <span class='ocrx_word' id='word_1_191' title='bbox 1126 3164 1284 3244; x_wconf 84' lang='grc' dir='ltr'><strong><em>φημὶ</em></strong></span> <span class='ocrx_word' id='word_1_192' title='bbox 1306 3167 1584 3241; x_wconf 65' lang='grc' dir='ltr'><strong>φύεσθαι</strong></span> <span class='ocrx_word' id='word_1_193' title='bbox 1679 3161 1851 3245; x_wconf 68' lang='grc' dir='ltr'><strong>ἔχειν</strong></span> <span class='ocrx_word' id='word_1_194' title='bbox 1900 3163 2052 3224; x_wconf 74' lang='grc' dir='ltr'><strong>τινὰ</strong></span> <span class='ocrx_word' id='word_1_195' title='bbox 2101 3157 2442 3232; x_wconf 51' lang='lat' dir='ltr'><strong>&amp;exosarum</strong></span> <span class='ocrx_word' id='word_1_196' title='bbox 2475 3166 2559 3223; x_wconf 92' lang='lat' dir='ltr'><strong>K.</strong></span> <span class='ocrx_word' id='word_1_197' title='bbox 2597 3162 2777 3219; x_wconf 86' lang='grc' dir='ltr'><strong>ποῒοι</strong></span> <span class='ocrx_word' id='word_1_198' title='bbox 2813 3152 2932 3234; x_wconf 69' lang='lat'><strong>627¹,-</strong></span> 
     </span>
     <span class='ocr_line' id='line_1_26' title="bbox 753 3269 2933 3360; baseline -0.001 -25"><span class='ocrx_word' id='word_1_199' title='bbox 753 3274 866 3346; x_wconf 80' lang='grc' dir='ltr'><strong>τὰς</strong></span> <span class='ocrx_word' id='word_1_200' title='bbox 913 3269 1246 3350; x_wconf 79' lang='grc' dir='ltr'><em>πολιτείας</em></span> <span class='ocrx_word' id='word_1_201' title='bbox 1294 3276 1584 3360; x_wconf 75' lang='grc' dir='ltr'><strong>πρῶτον;</strong></span> <span class='ocrx_word' id='word_1_202' title='bbox 1681 3277 1772 3340; x_wconf 88' lang='grc' dir='ltr'><strong>Α.</strong></span> <span class='ocrx_word' id='word_1_203' title='bbox 1809 3278 1881 3338; x_wconf 86' lang='grc' dir='ltr'><strong>τὸ</strong></span> <span class='ocrx_word' id='word_1_204' title='bbox 1925 3273 2224 3353; x_wconf 80' lang='grc' dir='ltr'><strong>πολλὰς</strong></span> <span class='ocrx_word' id='word_1_205' title='bbox 2256 3275 2704 3358; x_wconf 65' lang='grc' dir='ltr'><strong>ἀνθρώπων</strong></span> <span class='ocrx_word' id='word_1_206' title='bbox 2747 3277 2933 3353; x_wconf 77' lang='grc' dir='ltr'><strong>φθο-</strong></span> 
     </span>
    </p>
   </div>
   <div class='ocr_carea' id='block_1_3' title="bbox 753 3386 2932 3478">
    <p class='ocr_par' dir='ltr' id='par_1_4' title="bbox 753 3386 2932 3478">
     <span class='ocr_line' id='line_1_27' title="bbox 753 3386 2932 3478; baseline -0.002 -25"><span class='ocrx_word' id='word_1_207' title='bbox 753 3390 913 3453; x_wconf 79' lang='grc' dir='ltr'><strong>ὅταν</strong></span> <span class='ocrx_word' id='word_1_208' title='bbox 960 3393 1003 3472; x_wconf 83' lang='grc' dir='ltr'><em>ἤ</em></span> <span class='ocrx_word' id='word_1_209' title='bbox 1049 3387 1158 3452; x_wconf 81' lang='grc' dir='ltr'><strong>διὰ</strong></span> <span class='ocrx_word' id='word_1_210' title='bbox 1216 3388 1591 3478; x_wconf 58' lang='grc' dir='ltr'><strong>κατακλυ-</strong></span> <span class='ocrx_word' id='word_1_211' title='bbox 1681 3395 1816 3476; x_wconf 83' lang='grc' dir='ltr'><strong>ρὰς</strong></span> <span class='ocrx_word' id='word_1_212' title='bbox 1857 3394 2290 3473; x_wconf 75' lang='grc' dir='ltr'><strong>γεγονέναι</strong></span> <span class='ocrx_word' id='word_1_213' title='bbox 2335 3386 2932 3471; x_wconf 79' lang='grc' dir='ltr'><strong><em>κατακλυσμοῖς</em></strong></span> 
     </span>
    </p>
   </div>
   <div class='ocr_carea' id='block_1_4' title="bbox 761 3548 1123 3557">
    <p class='ocr_par' dir='ltr' id='par_1_5' title="bbox 761 3548 1123 3557">
     <span class='ocr_line' id='line_1_28' title="bbox 761 3548 1123 3557; baseline 0 1527"><span class='ocrx_word' id='word_1_214' title='bbox 761 3548 1123 3557; x_wconf 95' lang='lat' dir='ltr'><strong> </strong></span> 
     </span>
    </p>
   </div>
   <div class='ocr_carea' id='block_1_5' title="bbox 665 3644 2949 4410">
    <p class='ocr_par' dir='ltr' id='par_1_6' title="bbox 665 3644 2949 4410">
     <span class='ocr_line' id='line_1_29' title="bbox 748 3644 2940 3728; baseline -0.003 -22"><span class='ocrx_word' id='word_1_215' title='bbox 748 3649 1020 3714; x_wconf 80' lang='grc' dir='ltr'><strong>πλεονάκις</strong></span> <span class='ocrx_word' id='word_1_216' title='bbox 1070 3648 1172 3726; x_wconf 77' lang='grc' dir='ltr'><strong>γὰρ</strong></span> <span class='ocrx_word' id='word_1_217' title='bbox 1210 3653 1305 3715; x_wconf 81' lang='grc' dir='ltr'><strong>εἰς</strong></span> <span class='ocrx_word' id='word_1_218' title='bbox 1338 3652 1455 3712; x_wconf 74' lang='grc' dir='ltr'><strong>τὴν</strong></span> <span class='ocrx_word' id='word_1_219' title='bbox 1493 3653 1806 3709; x_wconf 81' lang='grc' dir='ltr'><strong>ἐναντίαν</strong></span> <span class='ocrx_word' id='word_1_220' title='bbox 1844 3653 2231 3728; x_wconf 82' lang='grc' dir='ltr'>μεταβάλλουσι</span> <span class='ocrx_word' id='word_1_221' title='bbox 2267 3655 2483 3708; x_wconf 86' lang='grc' dir='ltr'><strong>πᾶσαι</strong></span> <span class='ocrx_word' id='word_1_222' title='bbox 2520 3649 2575 3704; x_wconf 83' lang='grc' dir='ltr'><strong>αἱ</strong></span> <span class='ocrx_word' id='word_1_223' title='bbox 2613 3648 2869 3705; x_wconf 81' lang='grc' dir='ltr'><strong>πολιτεῖαι</strong></span> <span class='ocrx_word' id='word_1_224' title='bbox 2906 3644 2940 3707; x_wconf 77' lang='grc' dir='ltr'>ἦ</span> 
     </span>
     <span class='ocr_line' id='line_1_30' title="bbox 665 3743 2945 3826; baseline -0.002 -23"><span class='ocrx_word' id='word_1_225' title='bbox 665 3755 669 3759; x_wconf 73' lang='grc'><em>’</em></span> <span class='ocrx_word' id='word_1_226' title='bbox 749 3748 866 3808; x_wconf 76' lang='grc' dir='ltr'><strong>τὴν</strong></span> <span class='ocrx_word' id='word_1_227' title='bbox 906 3751 1250 3824; x_wconf 77' lang='grc' dir='ltr'><strong>σύνεγγυς,</strong></span> <span class='ocrx_word' id='word_1_228' title='bbox 1296 3753 1357 3804; x_wconf 89' lang='lat' dir='ltr'><strong>et</strong></span> <span class='ocrx_word' id='word_1_229' title='bbox 1396 3744 1595 3821; x_wconf 87' lang='lat' dir='ltr'><strong>paullo</strong></span> <span class='ocrx_word' id='word_1_230' title='bbox 1636 3755 1799 3822; x_wconf 85' lang='lat' dir='ltr'><strong>post:</strong></span> <span class='ocrx_word' id='word_1_231' title='bbox 1845 3750 1982 3807; x_wconf 78' lang='grc' dir='ltr'>ἀλλὰ</span> <span class='ocrx_word' id='word_1_232' title='bbox 2012 3749 2327 3826; x_wconf 82' lang='grc' dir='ltr'>μεταβάλλει</span> <span class='ocrx_word' id='word_1_233' title='bbox 2352 3748 2455 3804; x_wconf 83' lang='grc' dir='ltr'><strong>καὶ</strong></span> <span class='ocrx_word' id='word_1_234' title='bbox 2482 3747 2571 3810; x_wconf 78' lang='grc' dir='ltr'><strong>εἰς</strong></span> <span class='ocrx_word' id='word_1_235' title='bbox 2593 3743 2945 3820; x_wconf 86' lang='grc' dir='ltr'><strong>τυραννίδα</strong></span> 
     </span>
     <span class='ocr_line' id='line_1_31' title="bbox 750 3844 2938 3924; baseline -0.002 -21"><span class='ocrx_word' id='word_1_236' title='bbox 750 3850 1071 3921; x_wconf 85' lang='grc' dir='ltr'><strong>τυραννίς,</strong></span> <span class='ocrx_word' id='word_1_237' title='bbox 1123 3849 1292 3922; x_wconf 82' lang='grc' dir='ltr'><strong>ὥσπερ</strong></span> <span class='ocrx_word' id='word_1_238' title='bbox 1327 3850 1358 3909; x_wconf 83' lang='grc' dir='ltr'>ἡ</span> <span class='ocrx_word' id='word_1_239' title='bbox 1402 3855 1645 3912; x_wconf 83' lang='grc' dir='ltr'><strong>Σικυῶνος</strong></span> <span class='ocrx_word' id='word_1_240' title='bbox 1680 3849 1736 3904; x_wconf 84' lang='grc' dir='ltr'><strong>ἐκ</strong></span> <span class='ocrx_word' id='word_1_241' title='bbox 1783 3857 1877 3914; x_wconf 76' lang='grc' dir='ltr'><strong>τῆς</strong></span> <span class='ocrx_word' id='word_1_242' title='bbox 1919 3851 2166 3924; x_wconf 84' lang='grc' dir='ltr'><strong>Μύρωνος</strong></span> <span class='ocrx_word' id='word_1_243' title='bbox 2209 3849 2281 3911; x_wconf 83' lang='grc' dir='ltr'><strong>εἰς</strong></span> <span class='ocrx_word' id='word_1_244' title='bbox 2314 3848 2408 3905; x_wconf 79' lang='grc' dir='ltr'><strong>τὴν</strong></span> <span class='ocrx_word' id='word_1_245' title='bbox 2449 3874 2522 3885; x_wconf 88' lang='grc'><strong>-</strong></span> <span class='ocrx_word' id='word_1_246' title='bbox 2562 3844 2938 3910; x_wconf 66' lang='grc' dir='ltr'><strong>Κλεισθένους,</strong></span> 
     </span>
     <span class='ocr_line' id='line_1_32' title="bbox 752 3939 2948 4022; baseline -0.002 -22"><span class='ocrx_word' id='word_1_247' title='bbox 752 3944 863 4000; x_wconf 82' lang='grc' dir='ltr'><strong>καὶ</strong></span> <span class='ocrx_word' id='word_1_248' title='bbox 917 3946 1011 4009; x_wconf 83' lang='grc' dir='ltr'><strong>εἰς</strong></span> <span class='ocrx_word' id='word_1_249' title='bbox 1064 3943 1475 4022; x_wconf 73' lang='grc' dir='ltr'><strong>ὀλιγαρχίαν</strong></span> <span class='ocrx_word' id='word_1_250' title='bbox 1531 3948 1704 4021; x_wconf 78' lang='grc' dir='ltr'><strong>ὥσπερ</strong></span> <span class='ocrx_word' id='word_1_251' title='bbox 1758 3949 1788 4008; x_wconf 80' lang='grc' dir='ltr'>ἡ</span> <span class='ocrx_word' id='word_1_252' title='bbox 1849 3947 1899 4002; x_wconf 72' lang='grc' dir='ltr'><strong>ἐν</strong></span> <span class='ocrx_word' id='word_1_253' title='bbox 1948 3944 2178 4002; x_wconf 76' lang='grc' dir='ltr'><strong>Χαλκίδι</strong></span> <span class='ocrx_word' id='word_1_254' title='bbox 2226 3948 2256 4006; x_wconf 78' lang='grc' dir='ltr'>ἡ</span> <span class='ocrx_word' id='word_1_255' title='bbox 2308 3939 2670 4011; x_wconf 82' lang='grc' dir='ltr'><strong>Ἀντιλέοντος,</strong></span> <span class='ocrx_word' id='word_1_256' title='bbox 2718 3943 2820 3997; x_wconf 87' lang='grc' dir='ltr'><strong>καὶ</strong></span> <span class='ocrx_word' id='word_1_257' title='bbox 2858 3945 2948 4006; x_wconf 86' lang='grc' dir='ltr'><strong>εἰς</strong></span> 
     </span>
     <span class='ocr_line' id='line_1_33' title="bbox 754 4041 2947 4119; baseline -0.002 -19"><span class='ocrx_word' id='word_1_258' title='bbox 754 4043 1191 4119; x_wconf 77' lang='grc' dir='ltr'><strong>δημοκρατίαν</strong></span> <span class='ocrx_word' id='word_1_259' title='bbox 1228 4046 1398 4119; x_wconf 78' lang='grc' dir='ltr'><strong>ὥσπερ</strong></span> <span class='ocrx_word' id='word_1_260' title='bbox 1436 4047 1466 4106; x_wconf 81' lang='grc' dir='ltr'>ἡ</span> <span class='ocrx_word' id='word_1_261' title='bbox 1507 4052 1607 4100; x_wconf 86' lang='grc' dir='ltr'><strong>τῶν</strong></span> <span class='ocrx_word' id='word_1_262' title='bbox 1646 4044 1868 4108; x_wconf 86' lang='grc' dir='ltr'><strong>Γέλωνος</strong></span> <span class='ocrx_word' id='word_1_263' title='bbox 1903 4045 1953 4099; x_wconf 84' lang='grc' dir='ltr'><strong>ἐν</strong></span> <span class='ocrx_word' id='word_1_264' title='bbox 1993 4046 2368 4119; x_wconf 80' lang='grc' dir='ltr'><strong>Συρακούσαις,</strong></span> <span class='ocrx_word' id='word_1_265' title='bbox 2407 4041 2517 4097; x_wconf 80' lang='grc' dir='ltr'><strong>καὶ</strong></span> <span class='ocrx_word' id='word_1_266' title='bbox 2555 4043 2647 4105; x_wconf 79' lang='grc' dir='ltr'><strong>εἰς</strong></span> <span class='ocrx_word' id='word_1_267' title='bbox 2682 4043 2947 4116; x_wconf 85' lang='grc' dir='ltr'><strong>ἀριστο-</strong></span> 
     </span>
     <span class='ocr_line' id='line_1_34' title="bbox 754 4138 2949 4219; baseline -0.001 -23"><span class='ocrx_word' id='word_1_268' title='bbox 754 4145 1033 4217; x_wconf 83' lang='grc' dir='ltr'><strong>κρατίαν</strong></span> <span class='ocrx_word' id='word_1_269' title='bbox 1082 4144 1249 4217; x_wconf 80' lang='grc' dir='ltr'><strong>ὥσπερ</strong></span> <span class='ocrx_word' id='word_1_270' title='bbox 1288 4145 1317 4204; x_wconf 78' lang='grc' dir='ltr'>ἡ</span> <span class='ocrx_word' id='word_1_271' title='bbox 1360 4144 1628 4219; x_wconf 82' lang='grc' dir='ltr'><strong>Χαριλάου</strong></span> <span class='ocrx_word' id='word_1_272' title='bbox 1665 4144 1718 4199; x_wconf 84' lang='grc' dir='ltr'><strong>ἐν</strong></span> <span class='ocrx_word' id='word_1_273' title='bbox 1763 4141 2108 4218; x_wconf 81' lang='grc' dir='ltr'><strong>Λακεδαίμονι</strong></span> <span class='ocrx_word' id='word_1_274' title='bbox 2144 4141 2233 4197; x_wconf 84' lang='grc' dir='ltr'><strong>καὶ</strong></span> <span class='ocrx_word' id='word_1_275' title='bbox 2270 4141 2319 4196; x_wconf 81' lang='grc' dir='ltr'><strong>ἐν</strong></span> <span class='ocrx_word' id='word_1_276' title='bbox 2356 4138 2681 4214; x_wconf 75' lang='grc' dir='ltr'><strong>Καρχηδόνι,</strong></span> <span class='ocrx_word' id='word_1_277' title='bbox 2722 4140 2825 4195; x_wconf 86' lang='grc' dir='ltr'><strong>καὶ</strong></span> <span class='ocrx_word' id='word_1_278' title='bbox 2861 4142 2949 4204; x_wconf 81' lang='grc' dir='ltr'><strong>εἰς</strong></span> 
     </span>
     <span class='ocr_line' id='line_1_35' title="bbox 753 4239 2940 4316; baseline 0 -22"><span class='ocrx_word' id='word_1_279' title='bbox 753 4239 1097 4315; x_wconf 76' lang='grc' dir='ltr'><strong>τυραννίδα</strong></span> <span class='ocrx_word' id='word_1_280' title='bbox 1117 4241 1520 4315; x_wconf 82' lang='grc' dir='ltr'><strong>μεταβάλλειέξ</strong></span> <span class='ocrx_word' id='word_1_281' title='bbox 1546 4241 1930 4316; x_wconf 73' lang='grc' dir='ltr'><strong>ὀλιγαρχίας</strong></span> <span class='ocrx_word' id='word_1_282' title='bbox 1966 4242 2134 4313; x_wconf 81' lang='grc' dir='ltr'><strong>ὥσπερ</strong></span> <span class='ocrx_word' id='word_1_283' title='bbox 2168 4240 2221 4294; x_wconf 80' lang='grc' dir='ltr'><strong>’ἐν</strong></span> <span class='ocrx_word' id='word_1_284' title='bbox 2261 4239 2462 4312; x_wconf 79' lang='grc' dir='ltr'><strong>Σικελίᾳ</strong></span> <span class='ocrx_word' id='word_1_285' title='bbox 2498 4266 2578 4276; x_wconf 89' lang='grc'><strong>-</strong></span> <span class='ocrx_word' id='word_1_286' title='bbox 2613 4266 2694 4276; x_wconf 90' lang='grc'><strong>-</strong></span> <span class='ocrx_word' id='word_1_287' title='bbox 2731 4260 2781 4292; x_wconf 87' lang='grc' dir='ltr'><strong>κ.</strong></span> <span class='ocrx_word' id='word_1_288' title='bbox 2809 4260 2859 4293; x_wconf 89' lang='grc' dir='ltr'><strong>τ.</strong></span> <span class='ocrx_word' id='word_1_289' title='bbox 2892 4239 2940 4294; x_wconf 93' lang='grc' dir='ltr'><strong>λ.</strong></span> 
     </span>
     <span class='ocr_line' id='line_1_36' title="bbox 760 4330 2879 4410; baseline -0.001 -19"><span class='ocrx_word' id='word_1_290' title='bbox 760 4332 871 4392; x_wconf 87' lang='lat' dir='ltr'><strong>His</strong></span> <span class='ocrx_word' id='word_1_291' title='bbox 912 4332 1104 4394; x_wconf 89' lang='lat' dir='ltr'><strong>verbis</strong></span> <span class='ocrx_word' id='word_1_292' title='bbox 1144 4352 1385 4410; x_wconf 91' lang='lat' dir='ltr'><strong>prorsus</strong></span> <span class='ocrx_word' id='word_1_293' title='bbox 1428 4352 1632 4394; x_wconf 87' lang='lat' dir='ltr'><strong>eversa</strong></span> <span class='ocrx_word' id='word_1_294' title='bbox 1672 4343 1810 4393; x_wconf 88' lang='lat' dir='ltr'><strong>sunt</strong></span> <span class='ocrx_word' id='word_1_295' title='bbox 1849 4331 2109 4393; x_wconf 90' lang='lat' dir='ltr'><strong>Platonis</strong></span> <span class='ocrx_word' id='word_1_296' title='bbox 2152 4341 2211 4391; x_wconf 88' lang='lat' dir='ltr'><strong>et</strong></span> <span class='ocrx_word' id='word_1_297' title='bbox 2251 4330 2482 4408; x_wconf 88' lang='lat' dir='ltr'><strong>Polybii</strong></span> <span class='ocrx_word' id='word_1_298' title='bbox 2522 4341 2879 4391; x_wconf 86' lang='lat' dir='ltr'><strong>commenta.</strong></span> 
     </span>
    </p>
   </div>
  </div>
 </body>
</html>
