3375 5084
1814 348 1934 420 156

780 536 1045 617 quietos
1120 556 1194 598 se
1273 556 1423 599 esse
1499 536 1990 598 simulaverunt
2052 534 2113 617 ¹),
2185 544 2255 597 et
2325 554 2408 597 eo
2475 534 2697 616 magis
2766 533 2970 596 huius

776 649 1031 713 fraudis
1091 672 1348 733 poenas
1410 652 1593 742 dare.
1637 652 1919 726 debent3
1967 651 2197 732 itaque
2244 669 2478 713 eorum
2523 642 2804 712 insidiae
2850 669 2968 712 me

778 776 1153 850 coegerunt
1226 776 1301 829 ut
1377 766 1627 830 invitus
1702 766 2132 850 Antigonum
2210 775 2445 829 contra
2529 763 2969 828 Cleomenem

776 883 1182 946 invocarem.
1247 921 1328 928 —
1377 883 1659 946 Revera
1711 884 1885 946 haec
1932 892 2087 946 sunt
2132 890 2339 965 πάσης
2387 881 2661 961 ἀλογίας
2712 877 2918 964 πλήρη
2937 907 2968 956 ,-

773 1019 882 1061 res
939 999 1036 1062 ita
1082 1020 1156 1063 se
1200 1000 1472 1063 habuit:
1543 999 1805 1063 Aratus
1849 1020 1987 1063 non
2031 997 2441 1063 Aetolorum
2485 998 2608 1061 sed
2655 996 2964 1061 Cleome-

775 1114 879 1177 nis
924 1125 1112 1179 metu
1155 1117 1469 1180 inductus
1514 1116 1938 1180 Macedones
1982 1116 2329 1179 invocavit
2346 1164 2360 1191 ‚
2408 1115 2531 1178 sed
2575 1114 2646 1177 id
2686 1114 2759 1177 in
2784 1132 2968 1177 com-

770 1231 1115 1295 mentariis
1179 1229 1484 1295 confiteri
1529 1253 1664 1296 non
1713 1253 1914 1295 ausus
1931 1281 1945 1307 ,
1991 1232 2222 1295 multis
2271 1232 2677 1314 ambagibus
2723 1240 2967 1313 tegere

774 1347 1040 1422 debuit,
1088 1347 1215 1410 nisi
1260 1348 1479 1411 voluit
1526 1369 1764 1411 omnes
1811 1347 2115 1412 Graecos
2162 1348 2366 1423 scire,·
2410 1368 2547 1410 non
2590 1367 2717 1429 pro
2762 1346 2965 1409 liber-

771 1472 948 1525 tate-
975 1462 1433 1545 Peloponnesi
1494 1463 1718 1545 (quam
1780 1483 2015 1526 omnes
2060 1462 2204 1526 fere
2251 1464 2457 1526 urbes
2502 1483 2545 1525 a
2593 1456 2964 1525 Cleomene

771 1578 1279 1661 expectabant),
1326 1599 1548 1661 neque
1593 1600 1719 1661 pro
1768 1599 1972 1642 causa
2016 1579 2457 1641 humanitatis
2500 1576 2683 1658 (nam
2725 1579 2962 1640 huma-

770 1694 982 1758 nitate
1056 1695 1231 1758 inter
1298 1716 1535 1759 omnes
1606 1696 1934 1759 excelluit
2005 1691 2473 1773 Cleomenes),
2547 1714 2772 1776 neque
2837 1713 2967 1775 pro

772 1811 1113 1874 societatis
1174 1809 1526 1875 Achaicae
1588 1812 1810 1874 salute
1873 1811 2055 1893 (nam
2110 1811 2512 1874 societatem
2559 1808 2967 1873 Cleomenes

770 1926 1155 2009 principatu
1201 1925 1493 2009 Spartae
1539 1928 1702 1990 dato
1748 1926 1923 1990 tueri
1968 1927 2218 2001 voluit,
2251 1926 2429 1989 Plut.
2464 1925 2721 1990 Cleom.
2756 1945 2811 1988 c.
2844 1946 2866 1985 1
2884 1923 2964 2006 5),
3046 1981 3052 1985 ,

769 2044 892 2106 sed
954 2065 1078 2126 pro
1141 2053 1483 2126 potestate
1546 2064 1669 2107 sua
1726 2054 1797 2107 et
1850 2044 2228 2126 imperandi
2274 2043 2590 2125 cupidine
2638 2063 2714 2105 se
2759 2042 2966 2104 Pelo-

766 2179 1145 2241 ponnesum
1207 2159 1562 2243 Antigono
1623 2160 2003 2242 prodidisse
2043 2157 2118 2240 ²);
2181 2158 2421 2222 Aetoli
2463 2158 2535 2220 in
2578 2158 2768 2221 bello
2813 2158 2965 2220 nul-

768 2274 871 2338 las
887 2323 901 2350 ‚
948 2275 1017 2337 in
1062 2274 1261 2338 Arati
1308 2276 1806 2350 commentariis
1850 2276 2166 2359 ingentes
2196 2284 2427 2357 partes
2456 2275 2660 2337 tutati
2690 2283 2859 2348 sunt,
2888 2283 2959 2337 et

767 2390 1176 2454 Aetolorum
1216 2391 1574 2488 formidine
1605 2413 1767 2455 usus
1791 2402 1896 2455 est
1918 2390 2176 2455 Aratus
2198 2400 2564 2474 praetextu
2588 2390 2959 2472 aptissimO.

769 2506 972 2590 Quod
1040 2529 1196 2572 cum
1262 2509 1358 2572 ita
1423 2509 1540 2584 sit,
1611 2509 1748 2571 iam
1809 2509 1951 2571 sine
2013 2509 2155 2571 ulla
2216 2507 2637 2571 dubitatione
2700 2516 2928 2570 statuo
2945 2555 2962 2582 ‚

767 2623 937 2687 illud
1011 2624 1251 2688 foedus
1268 2674 1282 2700 ,
1361 2626 1546 2706 quod
1622 2645 1779 2689 cum
1857 2624 2225 2689 Cleomene
2304 2634 2375 2709 et
2448 2623 2806 2707 Antigono
2876 2623 2969 2685 de

767 2737 1038 2803 Achaia
1100 2740 1476 2822 diripienda
1537 2741 1916 2804 iunxissent
1976 2740 2246 2815 Aetoli,
2306 2741 2396 2802 ab
2457 2737 2681 2802 Arato
2726 2735 2968 2802 fictum

768 2876 937 2919 esse.
1027 2856 1294 2938 Nempe
1365 2856 1694 2919 auxilium
1753 2857 1824 2918 in
1885 2857 2081 2920 clade
2143 2856 2467 2938 petivisse
2531 2854 2826 2918 Aratum
2874 2855 2965 2917 ab

766 2971 847 3033 iis
915 2971 1030 3052 qui
1097 2972 1305 3035 totius
1365 2972 1592 3035 cladis·
1639 2972 1768 3034 soli
1830 2982 2144 3035 auctores
2205 2971 2487 3035 fuissent
2528 2969 2603 3053 3);
2667 2969 2966 3033 Aetolos

765 3088 1026 3150 bellum
1084 3089 1422 3152 excitasse
1468 3089 1583 3170 qui
1627 3109 1765 3151 non
1810 3090 2015 3151 modo
2062 3098 2219 3152 ante
2239 3138 2253 3164 ,
2302 3089 2424 3151 sed
2468 3110 2556 3152 ne
2602 3090 2692 3151 ad
2740 3085 2960 3152 Sella-

768 3203 938 3266 siam
983 3204 1256 3285 quidem
1301 3204 1459 3267 ullis
1505 3205 1720 3286 copiis
1766 3203 2115 3268 Cleomeni
2163 3205 2478 3287 opitulati
2524 3205 2686 3268 sint!
2757 3202 2963 3286 Quod

766 3321 838 3382 id
897 3340 1033 3383 non
1089 3319 1396 3384 fecerunt
1412 3370 1426 3396 ,
1472 3322 1699 3403 potius
1746 3322 2059 3385 adscribo
2107 3322 2248 3385 irae
2297 3322 2567 3385 cuidam
2614 3323 2705 3384 ob
2753 3322 2961 3384 urbes

767 3445 906 3498 tres
966 3435 1426 3518 Peloponnesi
1485 3457 1526 3499 a
1588 3436 1956 3501 Cleomene
2016 3438 2098 3501 iis
2164 3446 2435 3520 ereptas
2494 3437 2590 3520 (P.
2636 3436 2724 3500 H.
2773 3458 2827 3500 c.
2877 3441 2962 3514 46

768 3556 799 3628 5
867 3572 898 3613 2
964 3547 1375 3633 Κλεομένους
1438 3552 2083 3636 πεπραξικοπηκότος
2153 3550 2500 3628 Αἰτωλούς
2571 3556 2684 3616 καὶ
2747 3577 2961 3639 παρῃ-

768 3668 1049 3750 ρημένου
1098 3663 1365 3749 πόλεις);
1413 3688 1571 3731 nam
1614 3689 1892 3751 prorsus
1935 3670 2292 3733 ridiculum
2339 3679 2445 3733 est
2489 3670 2674 3751 quod
2698 3668 2958 3733 Aratus

768 3792 839 3845 et
898 3782 1227 3864 Polybius
1288 3783 1590 3848 scribunt
1649 3785 1828 3867 (ibid.
1886 3790 1917 3862 ἓ
1966 3785 2027 3868 3)
2072 3784 2338 3849 Aetolos
2382 3785 2509 3849 has
2555 3786 2761 3849 urbes
2804 3804 2957 3867 pes-

857 3979 900 4062 ¹)
939 3983 1006 4041 P.
1050 3984 1127 4042 II.
1171 4002 1249 4060 49
1291 3990 1318 4055 §
1366 3999 1431 4058 7:
1475 3987 1562 4044 ἐὰν
1602 3990 1824 4046 Αἰτωλοὶ
1865 4020 1934 4030 -
1976 3992 2071 4052 τὴν
2109 3993 2339 4069 ἡσυχίαν
2379 3989 2524 4067 οἴγειν
2559 3993 2957 4068 ὑποκρίνωνται,

763 4088 1009 4161 καθάπερ
1048 4092 1160 4142 νῦν.

850 4177 901 4258 2)
944 4179 1064 4238 Cfr.
1105 4179 1233 4239 infr.

856 4275 904 4357 3)
943 4278 1097 4337 Plut.
1140 4281 1310 4338 Arat.
1355 4299 1408 4338 c.
1451 4299 1690 4352 40——42
1735 4298 1808 4339 ex
1849 4282 2039 4341 Arato
2067 4282 2278 4342 hausta
2305 4301 2433 4343 esse
2459 4304 2601 4344 cum
2623 4283 2954 4363 Droysenio

767 4373 1188 4455 (Hellenismus
1229 4380 1307 4437 H.
1348 4399 1408 4456 p.
1455 4378 1594 4459 512)
1636 4388 1764 4438 tum
1805 4378 1949 4439 mihi
1987 4401 2334 4458 persuasum
2378 4393 2484 4444 est.
