3375 5084
1815 331 1898 403 56

768 518 1087 599 Apparet
1142 519 1353 600 igitur
1414 539 1551 580 non
1606 521 1724 581 diu
1779 534 1940 582 ante
1985 521 2368 582 incendium
2413 521 2614 599 (circa
2661 518 2814 595 400)
2859 528 2962 578 ta-

766 634 2967 717 bulamprnnamaponfificibusffisepropositam3eam

762 747 2971 830 postoealiisrebusauctamffise‚utcensuumnumeris

766 864 1171 945 (Mommsen
1214 865 1307 928 R
1352 864 1436 930 G.
1480 886 1547 947 P·
1596 888 1679 945 95
1729 878 1802 929 et
1849 888 1976 945 423
2025 868 2165 948 ειιι),
2210 867 2558 949 prodigiis

856 980 1167 1045 Annales
1224 982 1563 1046 maximos
1616 994 1854 1046 contra
1897 985 1988 1046 ad
2031 984 2295 1046 initium
2338 984 2528 1045 urbis
2571 981 2968 1044 ascendisse

766 1098 864 1161 ait
924 1096 1197 1173 Cicero,
1253 1100 1371 1180 qui
1426 1120 1549 1162 eos
1604 1120 1815 1181 saepe
1871 1101 2241 1163 consuluit:
2307 1094 2448 1175 „ab‘
2481 1098 2679 1162 initio
2723 1117 2966 1160 rerum

768 1211 1239 1276 Romanarum
1307 1234 1523 1295 usque
1588 1217 1680 1277 ad
1747 1216 1823 1278 P.
1893 1216 2248 1279 Mucium.”
2349 1216 2616 1278 Eodem
2681 1223 2968 1276 auctore

766 1329 1035 1392 inerant
1075 1349 1187 1393 res
1232 1350 1459 1393 omnes
1488 1332 1912 1413 singulorum
1941 1352 2288 1394 annorum.
2343 1332 2615 1394 Deinde
2636 1329 2969 1392 Aurelius

768 1443 1012 1538 Victor
1078 1445 1160 1525 (ο.
1219 1465 1289 1527 g.
1350 1445 1557 1508 Rom,
1628 1468 1649 1507 1
1666 1448 1726 1526 7)
1785 1447 1950 1509 dicit
2009 1449 2099 1509 de
2143 1449 2424 1530 regibus
2455 1446 2796 1517 ‚Albanisz
2851 1455 2969 1519 „ut

768 1560 1093 1641 scriptum
1160 1572 1267 1623 est
1330 1562 1403 1624 in
1469 1562 1697 1623 annali
1761 1561 2156 1643 pontificum
2223 1563 2520 1644 quart0.”
2627 1562 2966 1643 Regnum

768 1676 1055 1739 Romuli
1070 1725 1086 1751 ,
1130 1677 1596 1760 interregnum
1640 1690 1800 1759 post
1837 1679 2039 1741 huius
2067 1690 2358 1743 mortem
2395 1680 2636 1742 initum
2659 1678 2750 1760 (V
2751 1678 2967 1758 opisc.

768 1792 885 1854 vit.
932 1792 1093 1855 Tac.
1150 1815 1201 1854 1.
1258 1792 1312 1873 1)
1356 1793 1427 1855 in
1470 1793 1553 1856 iis
1596 1796 2015 1857 narrabatur.

859 1905 1312 1972 statuendum
1371 1920 1477 1971 aet
1533 1910 1660 1971 has
1714 1930 1826 1973 τω
1870 1912 2086 1973 multo
2131 1922 2500 1991 antequam
2547 1911 2938 1972 edebantur
2954 1957 2972 1983 ,

768 2024 945 2086 inter
1003 2044 1218 2087 annos
1266 2045 1622 2103 350—300
1669 2026 1705 2106 ¹)
1751 2047 1901 2089 esse
1948 2026 2278 2089 conflatas
2321 2028 2439 2089 vel
2485 2036 2674 2088 certe
2721 2024 2980 2087 litteris

770 2139 1127 2202 mandatas
1142 2188 1158 2214 ,
1220 2149 1292 2202 et
1354 2140 1425 2202 id
1483 2141 1762 2221 quidem
1779 2190 1794 2216 ,
1848 2145 1924 2204 ut
1966 2142 2237 2204 videtur
2280 2143 2654 2204 maximam
2697 2150 2980 2222 partem

770 2272 865 2315 ex
932 2254 1179 2316 eodem
1246 2254 1435 2317 fonte
1506 2276 1547 2318 e
1604 2275 1741 2336 quo
1809 2257 2015 2319 etiam
2059 2257 2312 2319 Fabius
2357 2258 2574 2319 multa
2616 2256 2845 2318 hausit
2866 2302 2886 2335 ,
2934 2276 2980 2317 e

769 2369 1131 2433 traditione
1176 2372 1508 2452 populari.
1578 2369 1721 2435 Sed
1766 2373 1971 2435 etiam
2015 2373 2200 2435 aliud
2230 2374 2425 2454 quasi
2449 2372 2975 2434 fimdamentum

768 2483 1203 2566 pontificibus
1264 2498 1413 2549 erat
1426 2536 1442 2562 ,
1503 2489 1690 2568 quod
1746 2489 1843 2550 ita
1887 2490 2340 2569 expleverunt
2385 2500 2458 2551 et
2501 2498 2848 2550 auxerunt
2895 2498 2975 2549 ut

768 2622 947 2666 nunc
1029 2601 1174 2665 fere
1240 2623 1367 2684 per
1436 2603 1780 2666 annalium
1849 2605 2215 2686 scriptores
2281 2606 2371 2667 ad
2440 2625 2567 2666 nos
2634 2604 2977 2685 pervenit.

770 2717 928 2782 Fuit
1008 2719 1140 2782 hoc
1226 2718 1741 2782 fimdamentum
1809 2740 2128 2783 recensus
2193 2721 2541 2783 nominum
2611 2720 2983 2782 consulum.

771 2833 908 2896 iam
952 2843 1113 2896 ante
1158 2835 1517 2915 quotannis
1562 2836 1806 2899 litteris
1849 2837 2224 2899 mandatus,

861 2948 930 3010 Is
988 2968 1309 3012 recensus
1368 2951 1713 3013 nominum
1773 2952 2124 3014 consulum
2141 3000 2156 3026 ,
2219 2951 2762 3032 antiquissimum
2826 2970 2982 3011 mo-

771 3071 1170 3125 numentum
1215 3083 1439 3126 rerum
1484 3065 1648 3128 olim
1692 3066 2061 3128 memoriae
2108 3066 2506 3128 traditarum
2526 3115 2541 3139 ‚
2588 3066 2660 3127 in
2705 3065 2981 3146 templo

776 3177 1159 3258 Capitolino
1216 3181 1646 3255 servabatur;
1701 3182 1771 3243 id
1815 3202 1951 3244 non
1996 3182 2217 3244 solum
2264 3203 2348 3244 eo
2393 3184 2731 3262 probatur
2777 3183 2971 3262 quod

774 3294 843 3356 in
917 3293 1227 3357 incendio
1307 3296 1491 3359 urbis
1568 3298 1822 3360 servati
1897 3307 2054 3360 sunt
2122 3297 2278 3361 fasti
2351 3298 2747 3360 consulares
2766 3347 2781 3373 ,
2854 3299 2988 3360 sed

779 3408 984 3472 etiam
1046 3412 1229 3492 quod
1290 3411 1465 3475 aliae
1524 3433 1633 3476 res
1696 3414 1785 3475 ad
1846 3412 2256 3493 Capitolium
2307 3415 2730 3495 pertinentes
2778 3414 2852 3475 in
2900 3413 2988 3475 iis

777 3533 1178 3607 tanguntur,
1248 3527 1615 3589 dictatores
1683 3529 1772 3589 ab
1832 3547 1891 3589 a.
1956 3532 2081 3606 463
2147 3529 2225 3611 (a.
2292 3532 2416 3606 363
2470 3538 2541 3591 et
2593 3528 2742 3610 263)
2792 3527 2983 3590 clavi

775 3637 1034 3723 figendi
1080 3660 1286 3704 causa
1330 3642 1538 3706 creati
1554 3690 1568 3716 ‚
1617 3642 1910 3723 denique
1957 3643 2140 3724 quod
2170 3643 2497 3723 temporis
2521 3644 2980 3725 computandi

863 3940 908 4021 ¹)
962 3943 1301 4002 Mommsen
1356 3945 1534 4004 Rom.
1594 3943 1812 4003 Gesch.
1868 3945 1913 4000 Ι.
1972 3964 2031 4021 p.
2077 3947 2228 4016 461:
2273 3946 2376 4005 cst.
2422 3948 2601 4006 Rom.
2646 3946 2881 4006 Chron.
2930 3968 2994 4024 p.

776 4059 892 4117 209
950 4059 1037 4117 sq.
1090 4075 1171 4085 -
1213 4042 1450 4101 Hochst
1492 4039 1976 4100 wahrscheinlich
2015 4041 2140 4100 fault
2180 4042 2241 4101 in
2282 4043 2543 4105 dieselbe
2584 4044 2712 4104 Zeit
2756 4043 2779 4125 (
2784 4066 2821 4121 3
2830 4063 3004 4123 50—

776 4136 920 4218 300)
996 4137 1091 4199 die
1169 4140 1375 4200 alteste
1443 4138 1782 4199 Redaction
1850 4138 1956 4196 der
2018 4140 2322 4200 offiziellen
2383 4143 2966 4204 Pontificalchronik
2987 4192 3002 4218 ‚

773 4236 964 4296 durch
1007 4238 1226 4297 welche
1270 4257 1361 4298 wo
1403 4237 1567 4297 nicht
1610 4236 1709 4296 die
1748 4236 2091 4314 Erzahlung
2130 4257 2248 4298 von
2291 4242 2408 4300 den
2438 4240 2642 4301 sieben
2670 4242 2974 4321 Konigen
2987 4292 3003 4319 ,

775 4334 934 4396 doch
977 4336 1159 4395 deren
1201 4334 1768 4415 Regierungszeiten
1808 4334 2151 4411 festgestellt
2193 4337 2497 4397 wurden.”
