3375 5084
1642 1125 1958 1190 CAPUT
2003 1125 2122 1188 111.

1236 1380 1463 1433 QUIBUS
1510 1378 1817 1421 FONTIBUS
1860 1378 2017 1421 Usus
2063 1378 2159 1420 su*
2202 1378 2520 1421 Pommms,

1531 1586 1590 1655 Ι.
1685 1584 1871 1657 Vita
1887 1636 1906 1671 ‚
1966 1584 2234 1657 Amici.

883 1822 1214 1904 Polybius
1259 1822 1599 1903 Lycortae
1642 1819 1821 1884 filius
1866 1821 2493 1904 Megalopolitanus
2531 1820 2571 1902 ¹)
2620 1840 2755 1902 quo
2803 1839 2992 1881 anno

791 1948 990 2002 natus
1066 1939 1153 2001 sit
1226 1939 1537 2021 ignotum
1614 1948 1736 2000 est.
1857 1935 2047 2001 Obiit
2119 1947 2278 2019 post
2354 1937 2521 1999 belli
2591 1935 2996 1999 Numantini

794 2055 999 2117 finem
1019 2103 1033 2128 ,
1081 2053 1271 2116 cuius
1314 2053 1482 2115 belli
1525 2053 1876 2115 historiam
1921 2053 2188 2135 scripsit
2210 2051 2280 2134 ²),
2329 2072 2543 2114 annos
2571 2060 2771 2114 natus
2803 2056 2887 2113 82
2929 2047 2993 2130 ³).

793 2171 952 2252 Ipse
998 2170 1278 2232 tradidit
1322 2189 1379 2232 a.
1437 2191 1458 2231 1
1476 2174 1559 2231 80
1606 2189 1760 2231 cum
1804 2169 2105 2250 Lycorta
2151 2176 2221 2231 et
2265 2169 2485 2231 Arato
2531 2167 2663 2230 sibi
2695 2165 2994 2248 legatio-

793 2305 952 2348 nem
1019 2286 1089 2348 in
1148 2284 1554 2366 Aegyptum
1616 2286 1961 2347 decretam
2022 2305 2171 2348 esse
2188 2333 2204 2358 ,
2268 2303 2679 2366 quamquam
2741 2281 2997 2344 minori

797 2402 1104 2491 legitima
1194 2410 1420 2463 aetate
1496 2410 1659 2463 natu
1712 2399 1774 2481 ⁴).
1890 2399 2113 2482 Quam
2189 2410 2417 2464 autem
2494 2409 2791 2462 aetatem
2867 2399 2998 2461 lex

795 2506 1231 2579 Achaeorum
1294 2517 1382 2578 ad
1444 2535 1723 2578 munera
1767 2515 2044 2597 publica
2091 2517 2511 2598 capessenda
2557 2515 2996 2578 constituerit

794 2630 1131 2693 nescimus
1149 2678 1162 2705 ,
1225 2629 1348 2692 sed
1397 2636 1594 2693 ‘certe
1656 2630 1937 2712 triginta
1991 2651 2204 2693 annos
2250 2630 2540 2713 amplius
2584 2640 2783 2693 natos
2828 2650 2994 2692 esse

793 2746 1068 2827 legatos
1122 2746 1366 2821 voluit,
1416 2766 1574 2819 cum
1616 2745 1684 2807 in
1732 2747 2083 2809 consilium
2129 2741 2207 2809 ei'
2238 2755 2499 2810 tantum
2547 2746 2994 2820 admitteren-

796 2872 935 2937 tur,
997 2862 1113 2942 qui
1171 2862 1348 2924 hane
1410 2871 1708 2924 aetatem
1765 2862 2058 2925 assecuti
2104 2872 2331 2925 essent
2368 2862 2431 2945 ⁵).
2522 2861 2765 2944 Itaque
2809 2862 2999 2924 inter

799 2999 1011 3041 annos
1086 3000 1434 3057 213—210
1502 2988 1700 3042 natus
1724 3028 1738 3054 ‚
1808 2979 1988 3042 circa
2052 3000 2109 3041 a.
2190 3002 2312 3058 130
2382 2980 2631 3042 obiisse
2701 2978 2998 3041 videtur.

801 3094 1092 3158 Aratum
1112 3143 1126 3169 ‚
1196 3114 1400 3177 quem
1466 3095 1700 3177 paullo
1773 3106 1930 3159 ante
1999 3096 2365 3178 Polybium
2426 3105 2659 3158 natum
2720 3114 3001 3156 veneno

801 3208 1171 3273 confecerit
1216 3210 1575 3292 Philippus
1619 3231 1773 3286 rex,
1819 3232 1955 3274 non
1999 3212 2170 3275 vidit
2213 3211 2572 3294 Polybius;
2619 3210 2998 3291 Philopoe-

800 3345 1072 3387 menem
1090 3374 1104 3400 ,
1162 3326 1278 3405 qui
1335 3326 1577 3389 obierit
1623 3347 1777 3389 cum
1823 3328 1912 3389 ad
1956 3347 2065 3390 res
2109 3318 2421 3409 publicas
2466 3328 2808 3409 gerendas
2854 3326 2998 3408 pri-

888 3610 929 3691 ¹)
988 3613 1082 3671 De
1138 3610 1256 3671 vita
1315 3611 1545 3690 Polybii
1598 3613 1703 3672 cfr.
1762 3615 1841 3672 K.
1895 3615 1985 3670 W.
2030 3612 2274 3672 Nitzsch
2314 3614 2558 3690 Polyb.‚
2601 3612 2680 3672 ab
2722 3631 2795 3672 eo
2835 3611 3005 3671 laud.

797 3712 1048 3769 Henzen
1107 3710 1378 3783 Quaestt.
1434 3712 1642 3788 Polyb.
1659 3734 1676 3785 3
1735 3713 2073 3790 Hertzberg
2128 3733 2187 3789 p.
2232 3732 2346 3788 302
2392 3721 2452 3771 et
2494 3711 2598 3788 qui
2639 3713 2718 3772 ab
2760 3729 2833 3770 eo
2876 3711 3007 3769 lau-

797 3809 1014 3868 dantur
1030 3832 1047 3884 3
1106 3810 1400 3868 Merleker
1456 3809 1724 3868 Achaica
1766 3830 1825 3886 p.
1871 3829 1949 3886 94
1991 3829 2120 3887 sqq.
2136 3833 2153 3885 3
2197 3809 2439 3884 Nissen,
2483 3809 2580 3869 die
2625 3807 3007 3869 Oekonomie

798 3908 903 3967 der
949 3903 1164 3967 Gesch.
1207 3908 1313 3967 des
1354 3909 1419 3967 P.
1463 3907 1677 3967 Rhein.
1721 3910 1877 3968 Mus.
1927 3910 2098 3984 1871.
2142 3929 2201 3986 p.
2250 3929 2358 3982 241
2407 3928 2538 3986 sqq.

884 4006 933 4086 2)
977 4006 1101 4065 Cio.
1146 4007 1338 4065 Acad.
1383 4009 1460 4064 II.
1511 4027 1600 4065 12.
2461 4007 2464 4010 ’

889 4103 936 4185 3)
978 4103 1222 4164 Lucian.
1267 4107 1538 4165 Macrob.
1583 4126 1635 4164 e.
1685 4126 1777 4164 22.

890 4201 940 4281 4)
980 4204 1044 4260 P.
1089 4205 1280 4261 XXV.
1324 4224 1372 4262 c.
1426 4221 1455 4279 7
1501 4212 1528 4274 ξ
1574 4220 1627 4279 5.

891 4298 941 4377 5)
982 4302 1046 4359 P.
1093 4303 1312 4360 XXIX.
1358 4323 1409 4361 e.
1457 4323 1492 4378 9
1535 4310 1562 4372 ς
1606 4306 1659 4361 6.
