3375 5084
1863 328 1985 385 208

829 518 1284 600 superioribus
1328 518 1423 580 ita
1468 526 1777 599 tempora
1822 517 2123 579 dividere
2168 517 2346 579 solet
2364 565 2378 590 ,
2424 525 2501 579 ut
2534 516 2779 579 electio
2811 534 3010 597 prae-

827 634 992 696 toris
1037 632 1327 696 Achaici
1372 633 1636 695 initium
1681 633 1745 695 ei
1792 633 1878 695 sit
1922 633 2082 694 novi
2127 633 2284 694 anni
2323 632 2375 713 ¹).
2445 630 2647 712 Quod
2689 631 3012 713 probabi-

830 749 985 811 liter
1041 748 1199 810 huic
1246 768 1491 811 causae
1537 748 1843 811 attribuit
1887 747 2131 810 Nissen
2169 748 2213 828 ²)
2232 795 2246 821 ‚
2292 767 2429 809 non
2474 747 2693 809 solum
2739 748 2922 828 quod
2969 766 3011 806 a

827 884 1040 946 puero
1086 864 1215 927 hac
1259 865 1520 927 ratione
1567 873 1875 927 assuetus
1918 862 2120 926 fuerit
2138 912 2153 938 ‚
2200 863 2323 925 sed
2369 864 2575 925 etiam
2621 863 2806 944 quod
2851 871 3009 934 acta

825 979 1264 1043 Achaeorum
1279 1028 1294 1054 ,
1355 979 1602 1060 quibus
1662 978 1960 1042 fontibus
2014 979 2332 1041 utebatur
2349 1026 2365 1051 ,
2413 979 2783 1041 secundum
2827 977 3006 1038 hanc

824 1096 1149 1178 temporis
1230 1096 1561 1158 rationem
1634 1095 1947 1177 deposita
2021 1105 2091 1158 et
2163 1096 2233 1158 in
2308 1095 2645 1158 tabulario
2726 1093 3002 1157 condita

827 1209 1090 1273 fuerint.

913 1325 984 1388 A
1037 1326 1213 1389 libro
1258 1335 1457 1389 sexto
1503 1326 2034 1408 synchronistice
2083 1326 2433 1389 historiam
2478 1326 2772 1389 scribere
2818 1322 3005 1385 insti-

824 1443 953 1505 tuit
1021 1442 1352 1524 Polybius
1406 1440 1466 1524 2‘).
1571 1442 1651 1505 In
1724 1445 1929 1506 rebus
1995 1442 2319 1505 Achaicis
2388 1437 2713 1524 magnum
2780 1441 3014 1502 locum

826 1559 1016 1621 dedit
1059 1558 1493 1639 descriptioni
1539 1559 1979 1622 conciliorum
2024 1557 2486 1621 Achaicorum
2505 1606 2520 1632 ‚
2568 1555 2905 1619 orationes
2937 1554 3015 1615 in

827 1673 907 1737 iis
976 1674 1243 1737 habitas
1311 1694 1519 1756 saepe
1581 1674 1828 1757 longas
1889 1675 2254 1737 memoriae
2313 1672 2591 1736 tradidit
2605 1721 2620 1747 ‚
2678 1681 2749 1735 et
2791 1670 3011 1733 multo

829 1790 1166 1871 copiosius
1226 1792 1313 1853 de
1372 1791 1454 1853 iis
1513 1791 1659 1873 egit
1719 1811 1923 1873 quam
1986 1791 2072 1853 de
2119 1790 2402 1852 aliarum
2447 1788 2756 1872 gentium
2799 1787 3013 1849 rebus

831 1906 1237 1969 domesticis,
1309 1903 1576 1970 Scimus
1621 1915 1851 1969 autem
1894 1906 2261 1987 Polybium
2303 1924 2648 1985 nunquam
2672 1903 3017 1966 orationes

826 2020 1040 2083 libere
1103 2019 1298 2084 fictas
1344 2021 1719 2084 ornamenti
1766 2041 1970 2085 causa
2014 2020 2408 2095 inseruisse;
2456 2020 2636 2082 hanc
2679 2018 3018 2081 rationem

826 2136 1044 2199 tenuit
1088 2146 1162 2199 ut
1207 2156 1382 2218 quae
1429 2156 1668 2201 revera
1714 2137 1897 2200 dicta
1942 2144 2169 2198 essent
2214 2145 2538 2216 quantum
2581 2132 2728 2197 fieri
2768 2140 3009 2215 posset

913 2464 957 2547 ¹)
1012 2466 1194 2541 Quod
1247 2477 1494 2544 apparet
1549 2469 1653 2527 IV.
1704 2461 1780 2544 37
1826 2467 1966 2528 cllto
2012 2483 2119 2544 573
2162 2469 2237 2528 V.
2282 2487 2335 2527 c.
2386 2488 2454 2543 13
2496 2488 2549 2527 c.
2595 2487 2672 2544 30
2716 2467 2854 2526 cllto
2901 2486 3021 2543 913

822 2583 877 2623 c.
925 2568 1057 2624 106.

903 2662 956 2745 2)
1011 2662 1126 2723 Die
1183 2662 1554 2724 Oekonomie
1608 2664 1716 2725 der
1772 2665 1849 2724 G.
1906 2664 1966 2724 d.
2023 2666 2090 2723 P.
2132 2663 2347 2724 Rhein.
2389 2666 2544 2725 MuS.
2595 2666 2742 2740 1871
2790 2683 2849 2740 p.
2898 2683 3017 2736 241

823 2782 951 2840 sqq·
996 2760 1081 2842 (μ
1127 2761 1283 2843 250)-

905 2860 954 2942 3)
995 2860 1312 2922 Librorum
1352 2864 1666 2924 VII—XV
1707 2861 1942 2922 nonnisi
1982 2881 2169 2941 parva
2207 2863 2540 2941 fragmenta
2571 2880 2787 2940 graeca
2815 2880 3026 2938 super—

821 2969 958 3019 sunt
971 3006 985 3033 ,
1027 2978 1223 3036 pauca
1263 2961 1559 3037 quaedam
1599 2961 1764 3038 apud
1790 2960 2023 3046 Livium
2049 2961 2230 3022 latine
2252 2981 2533 3039 expressa
2551 2960 2706 3042 (libr.
2727 2961 2934 3019 XXIV
2936 2996 3023 3004 ——

901 3160 953 3217 E
1021 3157 1252 3236 Polybii
1316 3156 1477 3219 libris
1547 3159 1949 3220 XVI—XXX
1975 3203 1989 3231 ‚
2061 3168 2294 3236 praeter
2361 3158 2694 3237 fragmenta
2762 3175 2980 3235 graeca
3003 3202 3021 3230 ,

821 3274 1074 3334 magnae
1117 3266 1314 3334 partes
1355 3256 1526 3317 nobis
1568 3266 1834 3316 servatae
1877 3266 2011 3317 sunt
2052 3275 2089 3316 a
2129 3256 2297 3317 Livio
2339 3256 2502 3317 libris
2542 3257 3020 3316 XXXI—XLV.

825 3354 1059 3430 Quibus
1101 3355 1314 3415 horum
1354 3355 1638 3415 librorum
1678 3354 1825 3415 locis
1865 3355 2177 3433 Polybium
2203 3355 2385 3415 latine
2414 3355 2767 3432 expresserit
2795 3353 3021 3426 LiviuS,

828 3451 1154 3513 certissime
1215 3452 1644 3513 demonstravit
1698 3453 1910 3514 Nissen
1948 3454 2108 3514 Krit.
2151 3456 2391 3514 Unters.
2409 3499 2423 3527 ,
2469 3473 2648 3531 quem
2690 3455 2825 3514 hac·
2852 3451 2915 3511 in
2952 3472 3022 3512 re

818 3551 942 3611 iam
983 3570 1163 3629 supra
1203 3561 1438 3612 secutus
1480 3571 1627 3611 sum.
1691 3554 1745 3610 E
1784 3551 1936 3611 Livii
1974 3552 2138 3613 libris
2178 3554 2642 3612 XXIV—XXX
2682 3554 2797 3612 hae
2817 3559 3023 3629 partes

822 3671 984 3710 nunc
1038 3649 1304 3710 omnium
1361 3669 1653 3711 consensu
1693 3651 1772 3711 ad
1811 3650 2125 3729 Polybium
2166 3652 2500 3712 referuntur
2541 3650 2792 3732 (Nissen
2834 3671 2894 3728 p.
2938 3651 3021 3723 84

825 3768 947 3825 sq.;
1014 3750 1087 3807 F.
1150 3748 1602 3828 Friedersdorff
1643 3748 1771 3809 Liv.
1826 3760 1886 3809 et
1936 3751 2062 3811 Pol.
2118 3750 2404 3828 Scipionis
2459 3769 2659 3810 rerum
2702 3749 3021 3826 scriptores

825 3845 982 3905 Diss,
1043 3847 1210 3906 Gott.
1275 3848 1426 3924 1869
1442 3868 1459 3921 3
1504 3848 1608 3906 cfr.
1649 3848 1883 3923 Keller,
1925 3847 2033 3909 der
2074 3848 2287 3909 Zweite
2328 3847 2622 3909 Punische
2663 3848 2857 3927 Krieg
2893 3846 3019 3906 und

826 3943 984 4003 seine
1037 3944 1307 4019 Quellen.
1351 3944 1546 4003 Marb.
1595 3946 1704 4021 187
1714 3961 1744 4021 5
1766 3991 1781 4020 ,
1822 3945 2108 4023 huiusque
2150 3947 2284 4008 libri
2323 3965 2534 4008 censor
2575 3947 2983 4007 Luterbacher
2996 3990 3013 4019 ‚

826 4041 973 4100 Phil.
1017 4044 1165 4101 Anz.
1211 4062 1346 4102 zum
1387 4041 1593 4102 Philol.
1635 4063 1690 4101 v.
1734 4045 1988 4104 Leutsch
2038 4047 2187 4122 1875
2232 4066 2291 4123 p.
2339 4050 2415 4124 56
2457 4046 2648 4128 sqq.)‚
2677 4045 2893 4124 quibus
2920 4062 3013 4103 me

830 4138 1027 4198 iudice
1089 4140 1330 4217 quidem
1391 4139 1615 4217 aliquot
1674 4140 1871 4218 capita
1930 4142 2208 4203 addenda
2269 4154 2405 4204 sunt
2420 4191 2436 4221 ‚
2493 4145 2601 4205 sed
2653 4163 2811 4222 quae
2855 4161 3013 4202 nunc

829 4236 1072 4297 omitto:
1134 4240 1356 4298 XXIV.
1421 4255 1614 4314 4-7,
1679 4258 1947 4317 21—-39,
2010 4261 2121 4317 405
2183 4243 2375 4303 XXV.
2444 4261 2680 4319 7—-11,
2745 4259 3008 4319 23—313

830 4335 1049 4394 XXVI.
1097 4338 1365 4410 24-263
1408 4338 1656 4395 XXVII.
1703 4356 1968 4415 29—333
2010 4340 2292 4401 XXVIII.
2336 4360 2388 4400 c.
2435 4342 2625 4418 5--85
2662 4342 2884 4401 ΧΧΙΧ.
2916 4357 3007 4396 12.
