3375 5084
1838 324 1953 364 112

799 505 966 559 sent.
1057 496 1426 558 Probabile
1495 496 1770 576 quidem
1836 515 1971 557 non
2046 505 2150 558 est
2167 543 2181 570 ,
2248 496 2376 557 hos
2442 515 2597 557 cum
2656 494 3003 558 Romanis

799 623 1020 676 metus
1068 633 1227 675 suos
1274 622 1345 675 et
1391 612 1620 674 odium
1666 612 2039 675 Barcarum
2084 632 2209 693 per
2242 612 2504 676 litteras
2535 611 3000 674 communica-

798 727 1013 801 visse;
1075 727 1243 789 nihil
1307 727 1609 808 egissent
1668 727 1795 789 nisi
1853 727 2115 789 bellum
2175 728 2360 808 quod
2416 735 2795 789 metuerent
2839 746 3004 808 pro-

798 863 1040 924 perare
1091 839 1165 924 ¹);
1242 844 1366 906 sed
1441 852 1671 905 tamen
1747 862 1883 905 non
1957 842 2178 905 minus
2260 863 2462 924 quam
2538 842 2638 905 illi
2720 852 3003 905 senatus

802 958 1161 1021 Romanus
1237 958 1405 1020 nihil
1473 978 1609 1020 non
1678 957 1806 1019 sibi
1874 959 2314 1022 metuendum
2385 978 2533 1028 esse
2604 956 2884 1019 videbat
2960 976 3007 1017 a

795 1073 1087 1137 factione
1148 1074 1454 1136 Barcina.
1547 1073 1650 1136 Ea
1715 1074 2077 1137 multitudo
2123 1074 2459 1137 bellicosa
2475 1123 2491 1148 ,
2538 1073 2727 1136 cuius
2772 1071 3006 1154 gratia

795 1189 1188 1252 Hasdrubal
1234 1191 1578 1262 utebatur,
1627 1191 2201 1253 contemnebatur
2238 1189 2282 1271 ²)
2329 1210 2372 1252 a
2416 1190 2562 1251 viro
2610 1191 2791 1251 bono
2838 1188 3002 1250 loco

795 1315 947 1368 orto
966 1353 980 1380 ,
1043 1315 1119 1369 ut
1175 1304 1424 1379 Fabio;
1486 1305 1851 1387 optimates
1898 1304 2497 1387 Carthaginienses
2518 1354 2534 1386 ‚
2582 1323 3002 1386 quamquam

793 1441 1076 1484 numero
1162 1421 1513 1485 inferiores
1529 1471 1543 1497 ,
1621 1422 2007 1505 gravissimi
2076 1422 2204 1484 viri
2270 1422 2678 1484 videbantur
2744 1419 2964 1482 Fabio
2986 1468 3002 1495 ‚

794 1560 932 1602 non
990 1559 1273 1602 numero
1342 1541 1465 1603 sed
1509 1541 1812 1622 pondere
1862 1560 1982 1603 eos
2026 1539 2352 1603 iudicanti
2398 1539 2489 1622 (et
2532 1558 2775 1601 revera
2820 1538 2999 1619 opti-

794 1665 1013 1721 mates
1059 1676 1274 1738 grave
1324 1677 1494 1719 onus
1538 1655 1811 1719 fuerunt
1858 1664 1929 1719 et
1976 1655 2372 1739 Carthagini
2419 1665 2489 1718 et
2534 1654 2864 1736 Romae),
2901 1654 3006 1717 ita

795 1782 870 1834 ut
945 1772 1205 1836 diceret
1281 1770 1523 1840 οὐδένα
1612 1775 1744 1835 τῶυ
1816 1771 2176 1851 ἀξιολόγων
2247 1771 2652 1834 Hannibalis
2720 1772 3000 1852 incepta

794 1889 1216 1969 probavisse.
1307 1889 1567 1952 Fabius
1612 1889 1823 1971 igitur
1868 1909 2139 1952 omnem
2187 1889 2460 1970 culpam
2507 1887 2672 1950 belli
2717 1887 2786 1949 in
2831 1886 3003 1948 Bar-

796 2025 912 2068 eas
959 2004 1374 2071 conferebat.
1467 2005 1710 2087 Neque
1755 2006 1999 2068 mirum
2046 2013 2151 2068 est
2196 2001 2629 2069 Hasdrubali
2669 2003 3002 2069 maiorem

796 2122 1069 2202 culpam
1124 2121 1291 2184 belli
1335 2121 1593 2185 incensi
1640 2141 1798 2184 eum
1848 2121 2292 2202 imputavisse
2339 2140 2543 2202 quam
2589 2115 3000 2181 Hamilcari.

792 2236 986 2299 Illius
1047 2236 1356 2300 factionis
1419 2237 1598 2300 enim
1653 2237 2047 2302 Hasdrubal
2103 2236 2229 2299 fuit
2285 2236 2602 2317 princeps
2619 2285 2633 2310 ‚
2674 2255 2810 2298 non
2855 2233 3002 2296 Ha-

795 2353 1036 2416 milcar
1052 2403 1066 2429 ‚
1130 2374 1542 2437 quamquam
1603 2355 1715 2418 hic
1779 2365 1849 2417 et
1895 2355 2171 2437 ingenio
2220 2355 2619 2436 praestabat
2663 2363 2734 2416 et
2778 2353 3000 2416 multo

794 2471 948 2551 plus
1023 2469 1268 2533 effecit.
1364 2469 1629 2552 Opibus
1702 2480 1774 2533 et
1840 2471 2065 2553 gratia
2133 2470 2587 2533 Hasdrubalis
2648 2468 3006 2535 Hamilcar

795 2595 992 2667 turpe
1039 2586 1364 2650 iudicium
1414 2585 1657 2669 effugit
1698 2588 1774 2669 ³);
1824 2588 1910 2650 de
1957 2586 2397 2651 Hasdrubale
2439 2586 2676 2667 Nepos
2720 2585 2929 2647 tradit
2959 2584 3005 2664 ⁴)

803 2703 1027 2783 „quod
1097 2702 1493 2766 Hamilcare
1555 2686 1783 2766 occiso
1845 2702 1963 2766 ille
2028 2703 2360 2766 exercitui
2417 2701 2711 2783 praefuit
2755 2722 3004 2782 resque

794 2836 1081 2899 magnas
1144 2818 1361 2900 gessit
1423 2827 1493 2883 et
1538 2819 1858 2900 princeps
1904 2797 2268 2901 largitione
2314 2827 2622 2881 vetustos
2669 2817 3004 2898 pervertit

794 2953 1019 2995 mores
1086 2932 1782 3016 Carthaginiensium''
1803 2984 1817 3010 ,
1872 2935 2091 2998 minus
2137 2944 2325 2998 recte
2370 2935 2442 2996 id
2486 2934 2763 3019 quidem
2781 2981 2795 3007 ,
2841 2948 3004 3021 nam

797 3048 1162 3129 Appianus
1201 3048 1246 3132 ⁵.)
1291 3053 1410 3115 ὅσα
1457 3051 1673 3132 inquit
1722 3049 1913 3136 λάβοι
1955 3047 2311 3134 (Αμίλκοις
2352 3052 2420 3115 ἐν
2455 3049 2740 3134 Ἰβηρίᾳ)
2771 3045 3004 3133 διῄρει,

800 3168 911 3229 καὶ
980 3171 1059 3231 τά
1122 3170 1239 3249 μὲν
1299 3168 1361 3243 ἐς
1411 3169 1524 3233 τὸν
1576 3170 1853 3250 στρατὸν
1904 3165 2296 3245 οἷνάλισκεν,
2345 3172 2459 3234 ἵνα
2507 3171 3002 3248 προθυμότερον

795 3281 971 3362 αὐτῷ
1043 3283 1495 3360 συναδικοῒεν,
1565 3286 1646 3348 τά
1695 3280 1823 3357 δ’ἐς
1879 3284 2082 3365 αὐτήν
2143 3285 2381 3365 ἔπεμπε
2431 3280 2870 3368 Καρχηδόνα,
2924 3283 3006 3342 τὰ

796 3395 864 3462 δὲ
941 3406 1075 3470 τοῖς
1123 3402 1282 3481 ὑπὲρ
1332 3399 1528 3464 αὑτοῦ
1580 3395 2114 3484 πολιτευομένοις
2164 3396 2477 3467 διεδίδου.
2572 3396 2716 3462 Sed
2763 3418 2855 3460 ex
2898 3397 3007 3460 his

885 3640 927 3723 ¹)
970 3643 1091 3703 Cfr.
1117 3644 1474 3705 'Mommsen
1518 3646 1697 3705 Rom.
1742 3645 2052 3706 Gesch.'I.
2095 3666 2154 3723 p.
2203 3648 2318 3723 566
2361 3645 2481 3725 (ed.
2525 3643 2655 3726 VI).

874 3739 926 3822 2)
979 3743 1255 3802 Fortasse
1310 3744 1387 3803 ab
1443 3761 1515 3803 eo
1572 3755 1707 3803 orta
1748 3754 1885 3804 sunt
1927 3762 2080 3822 quae
2124 3743 2305 3804 Diod.
2347 3746 2539 3804 XXV.
2584 3762 2639 3802 c.
2687 3743 2723 3802 8
2767 3739 3004 3802 scribit:

790 3840 1042 3921 Ἀμίλκας
1075 3850 1462 3922 συστησάμενος
1499 3848 1755 3924 ἑταιρείαν
1793 3856 1893 3904 τῶν
1930 3852 2293 3923 πονηροτάτων
2333 3851 2648 3924 ἀνθρώπων.

878 3937 927 4020 3)
983 3942 1144 4017 App.
1203 3938 1346 4000 Hib.
1400 3959 1453 3998 c.
1507 3960 1577 4013 4:
1622 3948 1953 4021 ,θεραπεύσας
1988 3946 2108 4009 τοὺς
2141 3928 2590 4022 πολιτευομένους,
2631 3943 2698 4001 ὧν
2738 3942 2802 4006 ἧν
2843 3945 3010 4020 δημο-

793 4041 1142 4108 κοπικῶτατος
1198 4037 1528 4120 Ἀσδρούβας
1588 4043 1613 4099 ὃ
1669 4045 1765 4101 τὴν
1821 4045 1982 4100 αὐτοῦ
2036 4044 2212 4119 Βάρκα
2271 4047 2542 4119 ,θυγατέρα
2593 4042 2763 4119 ἔχων,
2813 4047 2910 4107 τάς
2959 4066 3012 4100 τε

797 4142 947 4207 δίκας
982 4142 1299 4219 διεκρούετο.

879 4236 931 4317 4)
975 4238 1180 4313 Nepos
1221 4234 1480 4295 HamiIC.
1524 4254 1578 4294 e.
1623 4255 1679 4311 3.

880 4335 930 4416 5)
974 4337 1133 4411 App.
1180 4335 1390 4395 Hiber.
1435 4354 1487 4393 e.
1536 4350 1590 4409 5.
