3375 5084
1433 359 1514 417 59

375 533 741 613 inspiceret
757 582 771 606 ,
832 531 1190 614 pontifices
1235 533 1537 595 Romam
1586 533 1928 595 conditam
1976 553 2126 594 esse
2174 542 2567 596 statuerent.

376 646 520 711 Sed
580 648 747 710 nihil
808 649 1049 710 horum
1096 668 1334 711 verum
1379 656 1500 712 est.
1596 647 1849 712 Contra
1893 657 2179 730 apparet
2226 648 2338 712 τὸν
2372 640 2567 732 ’παρὰ

380 769 512 837 τοῖς
594 763 949 848 ἄρχιερεῦσι
1029 764 1283 831 πίνακα
1350 764 1519 826 nihil
1596 763 1781 826 aliud
1849 784 1999 826 esse
2066 763 2193 826 nisi
2264 764 2570 826 tabulam

375 880 766 942 dealbatam
797 890 884 943 ·et
928 881 1117 943 illam
1163 881 1438 963 quidem
1485 901 1690 962 quam
1736 878 2091 961 pontifices
2137 879 2207 941 in
2250 880 2446 962 regia
2476 882 2565 942 ad

375 994 596 1058 forum
656 997 785 1059 sita
848 999 1306 1078 exposuerant
1367 1018 1451 1060 eo
1508 1017 1686 1059 anno
1734 1017 1870 1078 quo
1916 996 2247 1079 Polybius
2291 997 2565 1059 Romae

375 1112 594 1192 primo
641 1113 944 1194 degebat
983 1111 1034 1193 ¹).
1103 1112 1182 1174 In
1229 1132 1312 1175 ea
1360 1112 1596 1175 tabula
1624 1111 2048 1193 praescripta
2076 1119 2270 1174 erant
2294 1111 2570 1173 nomina

376 1229 731 1291 consulum
747 1278 762 1304 ,
826 1230 948 1291 sed
1001 1249 1283 1292 necesse
1341 1238 1445 1291 est
1489 1237 1565 1290 ut
1609 1237 1986 1291 statuamus
2032 1228 2238 1291 etiam
2283 1229 2563 1291 tabulae

377 1344 771 1425 inscriptum
831 1343 1036 1407 fuisse
1097 1365 1451 1408 numerum
1497 1364 1826 1406 annorum
1874 1344 1989 1426 qui
2036 1364 2128 1407 ex
2171 1341 2567 1425 pontificum

378 1461 882 1541 computatione
945 1462 1099 1543 (iam
1158 1461 1338 1525 circa
1382 1482 1441 1524 a.
1492 1482 1622 1540 300
1664 1460 1871 1543 facta)
1915 1471 2073 1542 post
2117 1460 2202 1524 U.
2253 1449 2324 1524 C.
2370 1480 2567 1542 prae-

377 1576 714 1639 terierant.
820 1574 1151 1658 Polybius
1228 1597 1569 1658 nunquam
1638 1576 1954 1658 pervenit
2022 1576 2091 1637 in
2160 1576 2572 1638 tabularium

380 1691 599 1773 ipsum
661 1690 1087 1772 pontificum;
1144 1712 1255 1755 res
1308 1692 1505 1775 regni
1550 1692 1813 1754 romani
1859 1712 1898 1754 e
1944 1690 2160 1753 Fabio
2209 1691 2538 1773 cognovit
2557 1710 2577 1770 ;Δ

380 1809 846 1871 tantummodo
908 1809 1384 1872 animadvertit
1444 1809 1778 1872 rationem
1841 1827 2017 1890 quae
2080 1817 2239 1870 tunc
2296 1808 2571 1870 Romae

379 1925 694 2006 vigebat,
766 1944 969 2005 quam
1033 1945 1072 1987 e
1135 1926 1370 1988 tabula
1432 1934 1856 2007 cognoverat
1874 1973 1888 1999 ‚
1953 1923 2009 1986 a'
2054 1922 2251 1986 Fabii
2313 1924 2575 1986 ratione

377 2042 682 2122 paullum
767 2041 1194 2123 discrepare3
1279 2041 1540 2109 addidit
1618 2039 2017 2123 pontificum
2093 2040 2566 2103 auctoritatem

379 2157 704 2219 maiorem
751 2157 881 2219 sibi
926 2157 1143 2220 videri
1189 2176 1392 2239 quam
1439 2156 1652 2220 Fabii.
1704 2194 1788 2202 —
1836 2156 2106 2219 Deinde
2148 2142 2450 2237 sec‘luitur
2481 2175 2574 2217 ex

378 2274 484 2335 his
497 2322 512 2348 ,
559 2273 917 2336 Romanos
961 2274 1097 2335 iam
1143 2273 1415 2355 Polybii
1460 2283 1771 2356 tempore
1818 2273 2181 2347 interdum,
2213 2269 2569 2353 pontifices

376 2398 563 2453 certe
582 2438 596 2464 ‚
658 2391 746 2451 ab
794 2409 971 2452 anno
1017 2389 1203 2451 urbis
1249 2389 1786 2470 computavisse3
1834 2398 2199 2469 antequam
2244 2387 2345 2449 illi
2391 2407 2571 2450 com-

376 2504 687 2567 mentarii
734 2503 1026 2568 confecti
1073 2514 1265 2567 erant
1280 2553 1294 2580 ,
1341 2514 1726 2585 temporum
1772 2504 1967 2566 ratio,
1987 2523 2030 2566 a
2059 2503 2339 2585 regibus
2370 2522 2575 2566 exac-

374 2621 463 2684 tis
508 2620 622 2682 vel
667 2621 894 2701 potius
926 2641 969 2683 a
999 2620 1258 2701 templo
1285 2618 1671 2700 Capitolino
1697 2619 2015 2682 dedicato
2039 2618 2479 2698 repetebatur
2508 2616 2569 2699 ²).

374 2737 692 2818 Denique
763 2737 941 2799 addo
1012 2735 1341 2800 Catonem
1411 2736 1655 2798 eodem
1724 2736 1931 2797 modo
2011 2734 2316 2797 tabulam
2388 2732 2576 2795 illam

379 2854 743 2936 designare
826 2854 1073 2937 (verbis
1156 2871 1333 2934 supr.
1404 2851 1636 2933 laud.);
1707 2852 2051 2915 annalium
2123 2850 2574 2913 maximorum

364 2985 631 3033 'nomen
672 2991 807 3034 non
854 2979 1012 3034 ante
1069 2991 1192 3048 130
1237 2979 1634 3051 usurpatum
1680 2979 1803 3032 est.

960 3196 1062 3269 11.
1153 3182 1434 3269 Fabius
1481 3202 1560 3269 et
1603 3194 1974 3267 Philinus.

475 3435 585 3497 De
649 3445 859 3517 gente
921 3434 1169 3511 Fabia,
1218 3436 1304 3498 de
1349 3434 1492 3496 vita
1536 3432 1618 3516 Q.
1665 3432 1864 3495 Fabii
1908 3433 2227 3507 Pictoris,
2276 3433 2363 3494 de
2409 3432 2578 3494 locis

383 3551 565 3613 unde
635 3552 820 3632 quod
886 3552 975 3613 ad
1045 3551 1189 3614 eius
1258 3551 1470 3614 vitam
1530 3559 1600 3612 et
1661 3549 1916 3631 scripta
1976 3549 2263 3612 attineat
2324 3548 2580 3629 aliquid

390 3667 741 3749 cognitum
800 3668 1133 3730 habemus
1195 3666 1501 3730 collectis
1556 3676 1625 3729 et
1672 3665 2015 3746 dispositis
2061 3665 2575 3746 disputaverunt

472 3884 514 3965 ¹)
558 3884 841 3945 Dissentit
882 3887 1056 3945 Peter
1099 3885 1182 3943 H.
1226 3887 1303 3944 R.
1347 3886 1422 3944 R.
1467 3905 1528 3961 p.
1571 3885 1737 3943 XXI.
2587 3949 2591 3952 ,

465 3982 517 4063 2)
556 3984 761 4043 Paullo
817 3982 985 4042 aliter
1038 3985 1377 4043 Mommsen
1434 3984 1509 4041 R.
1569 3982 1792 4042 Chron.
1853 4002 1913 4058 p.
1964 3997 2110 4057 197:
2156 3979 2292 4056 „die
2334 3980 2582 4038 altesten

380 4081 798 4141 ausdrucklich
841 4082 1061 4141 darauf
1091 4080 1223 4162 (auf
1246 4081 1385 4140 dem
1413 4080 1592 4157 Jahre
1614 4080 1721 4139 der
1744 4077 2259 4160 Stadtgrnndung)
2279 4079 2584 4156 gestellten

378 4181 930 4258 Jahrzahlangaben
994 4181 1274 4240 mochten
1341 4179 1437 4239 die
1500 4182 1607 4240 der
1665 4177 2020 4239 Chronisten
2078 4197 2185 4237 aus
2240 4178 2346 4237 der
2388 4188 2583 4238 ersten

257 4287 263 4290 ’
383 4280 588 4339 Halfte
644 4280 750 4339 des
798 4296 827 4353 7
882 4280 1313 4363 Jahrhunderts
1355 4279 1524 4355 Piso,
1570 4277 1810 4339 Cassius
1828 4324 1842 4348 ‚
1888 4275 2150 4339 Hemina
2192 4278 2315 4338 und
2359 4276 2581 4338 Gellius

381 4377 567 4438 sein.”
