3375 5084
1479 306 1604 381 269

452 514 505 557 0.
577 516 617 572 4
686 504 758 557 et
819 513 853 572 5
919 498 949 570 5
1023 498 1222 568 1-6,
1285 502 1356 558 et
1416 514 1471 557 0.
1536 515 1639 573 32.
1732 493 2062 559 Constans
2122 506 2627 578 argumentum,

450 613 633 694 quod
700 632 908 694 saepe
969 612 1217 694 repetit
1232 661 1247 687 ,
1308 612 1440 675 hoc
1494 612 1764 675 habuit:
1818 632 1894 675 se
1941 612 2432 693 descripturum
2478 633 2628 676 esse

448 748 558 790 res
620 728 1111 811 quinquaginta
1170 728 1371 791 trium
1426 747 1753 791 annorum
1798 727 2039 809 quibus
2084 728 2442 810 imperium
2485 729 2630 792 Ro-

450 864 724 907 manum
772 853 968 907 extra
1011 844 1283 908 Italiam
1329 844 1769 908 constitutum
1816 844 1904 908 sit
1939 839 1999 925 ¹).
2053 844 2135 907 Id
2158 855 2634 928 argumentum

451 960 770 1042 exposuit
845 960 1080 1043 primis
1144 960 1299 1023 libri
1366 961 1565 1043 primi
1631 961 1967 1043 capitibus
1992 1009 2007 1035 ,
2078 969 2149 1023 et
2209 961 2481 1044 saepius
2544 962 2633 1023 ad

450 1096 607 1139 eum
662 1076 891 1140 locum
943 1077 1221 1158 respicit
1263 1077 1369 1140 his
1414 1077 1672 1140 verbis:
1720 1085 1762 1161 ή
1812 1078 1884 1155 ἐξ
1929 1076 2125 1163 ἀρχῆς
2174 1084 2484 1160 πρόθεσις
2530 1077 2637 1160 (Π.

449 1213 506 1255 0.
573 1212 644 1272 71
714 1198 746 1270 5
804 1213 874 1268 2,
920 1191 1109 1256 VIII.
1159 1214 1195 1272 3
1246 1198 1276 1270 ἓ
1334 1215 1399 1268 1,
1447 1193 1653 1256 etiam
1698 1193 1767 1255 in
1812 1193 1967 1257 loco
2013 1169 2170 1275 post
2212 1193 2466 1256 inserto
2512 1193 2633 1255 III.

449 1327 503 1371 0.
575 1330 615 1386 4
685 1313 715 1385 ἓ
791 1308 876 1390 1);
937 1309 1136 1372 huius
1197 1309 1581 1392 argumenti
1638 1309 1902 1373 initium
1960 1309 2125 1373 dicit
2169 1329 2318 1373 esse
2365 1329 2423 1372 a.
2475 1329 2634 1384 220,

429 1422 652 1509 finem
721 1444 781 1487 a.
852 1447 875 1486 1
890 1428 970 1505 67
1027 1424 1090 1507 ²).
1196 1424 1592 1488 Absurdurn
1652 1434 1800 1488 erat
1856 1426 1990 1489 hoc
2049 1426 2277 1489 dicere
2331 1426 2388 1488 si
2433 1425 2636 1489 sciret

450 1559 524 1601 se
570 1540 1023 1623 quadraginta
1066 1539 1277 1603 libros
1322 1541 1733 1625 scripturum
1778 1562 1929 1605 esse
1942 1589 1957 1617 ‚
2007 1551 2077 1605 et
2121 1542 2190 1604 in
2219 1541 2304 1605 iis
2328 1561 2403 1604 se
2428 1542 2634 1604 etiam

390 1653 393 1654 ἢ
451 1664 894 1719 tractaturum
941 1676 1092 1719 esse
1138 1676 1350 1720 annos
1393 1657 1826 1739 insequentes
1871 1657 2115 1740 viginti
2161 1657 2313 1728 duo,
2382 1656 2636 1718 Postea

452 1772 724 1835 demum
790 1773 917 1836 hos
980 1774 1231 1837 addere
1291 1774 1578 1838 instituit
1638 1772 1777 1856 (ΠΙ.
1840 1793 1896 1837 0.
1953 1796 1993 1852 4
2041 1778 2074 1850 5
2128 1794 2239 1852 13:
2287 1778 2633 1857 προήχθην

452 1884 590 1956 οἷον
662 1892 866 1975 ἀρχὴν
939 1897 1365 1976 ποιησάμενος
1433 1884 1644 1972 ἄλλην
1710 1888 2034 1975 γράφειν),
2096 1899 2168 1953 et
2210 1900 2286 1954 ut
2331 1890 2636 1953 materiei

452 2024 806 2068 recensum
866 2025 1012 2088 cap.
1080 2027 1112 2069 2
1165 2026 1261 2088 sq.
1307 2006 1464 2070 libri
1509 2006 1629 2069 IH.
1677 2006 1990 2089 expleret
2006 2054 2021 2082 ‚
2070 2005 2331 2070 addidit
2376 2026 2432 2070 c.
2481 2029 2521 2085 4
2570 2015 2640 2069 et

457 2139 492 2198 5
558 2126 588 2197 g
661 2143 683 2182 1
698 2125 844 2183 -6.
934 2120 1638 2185 Animadvertendum
1697 2131 1802 2185 est
1851 2141 2007 2185 eum
2049 2122 2234 2185 1111110
2279 2140 2636 2186 recensum

456 2236 676 2300 solum
718 2238 852 2300 hoc
897 2237 1051 2301 loco
1098 2238 1488 2320 explevisse
1506 2286 1521 2313 ,
1566 2257 1704 2301 non
1750 2238 1994 2302 ceteris
2039 2238 2111 2320 (Ι.
2159 2259 2214 2302 0.
2271 2260 2437 2316 1—-4
2455 2287 2471 2313 ‚
2517 2237 2638 2300 VI.

453 2373 509 2417 c.
587 2366 653 2416 1²
720 2362 752 2434 5
815 2355 907 2437 3),
972 2353 1218 2418 deinde
1277 2355 1346 2418 in
1403 2353 1537 2417 fine
1593 2354 2029 2436 operis‘libri
2074 2353 2227 2416 XL.
2276 2374 2332 2418 c.
2389 2376 2465 2432 ¹4
2513 2359 2546 2431 5
2596 2373 2630 2432 5

455 2492 611 2535 011111
655 2480 997 2555 repeteret
1041 2472 1162 2535 illa
1204 2472 1419 2535 verba
1463 2492 1555 2535 ex
1601 2481 1680 2557 τῇ
1731 2470 1799 2545 ἐξ
1847 2472 2044 2556 ἀρχῆς
2092 2470 2400 2554 προθέσει
2422 2519 2442 2550 ,
2484 2489 2640 2532 eum

452 2597 530 2652 ut
594 2607 720 2670 par
787 2597 932 2651 erat
997 2587 1257 2651 nullam
1315 2587 1731 2652 mentionem
1790 2586 2016 2651 facere
2077 2586 2257 2649 illius
2305 2585 2507 2668 spatii
2555 2604 2635 2663 53

456 2725 801 2768 annorum.
895 2703 1069 2769 Cum
1129 2714 1361 2768 autem
1424 2725 1464 2767 e
1520 2704 1747 2787 priore
1792 2712 2196 2787 argumento
2241 2702 2418 2766 hanc
2464 2701 2639 2764 utili-

455 2829 669 2884 tatem
729 2821 1098 2903 petendam
1157 2840 1310 2883 esse
1362 2839 1570 2902 saepe
1615 2819 1901 2882 dixisset
1917 2867 1931 2894 ,
1977 2827 2052 2882 ut
2096 2818 2347 2881 scirent
2392 2815 2637 2881 Graeci

457 2959 595 3024 quo
642 2938 868 3001 animo
885 2986 900 3015 ‚
946 2958 1081 3024 qua
1124 2936 1376 3001 virtute
1389 2985 1404 3014 ‚
1438 2955 1575 3018 quo
1606 2956 1863 3020 genere
1889 2944 1960 3000 et
1984 2934 2201 2999 forma
2223 2934 2637 3018 reipublicae

457 3055 758 3117 Romani
824 3063 966 3117 tam
1026 3053 1235 3137 longe
1295 3053 1788 3135 processissent
1804 3101 1819 3128 ‚
1880 3052 2013 3116 hoc
2075 3051 2429 3116 consilium
2482 3059 2645 3131 post

468 3194 491 3233 1
504 3194 589 3251 44
666 3171 1086 3254 aliquantum
1159 3179 1497 3234 mutatum
1573 3179 1735 3233 erat.
1857 3169 2034 3233 Tum
2110 3169 2292 3232 enim
2363 3168 2645 3231 libertas

461 3286 808 3352 Graeciae·
856 3295 1227 3350 evanuerat
1243 3335 1258 3362 ,
1321 3296 1390 3350 et
1445 3296 1591 3350 tum
1637 3285 1864 3368 operis
1909 3285 2014 3348 sui
2057 3285 2421 3348 utilitatem
2464 3284 2640 3346 hanc

459 3402 605 3466 fore
652 3402 826 3466 dixit
839 3451 852 3477 ,
900 3412 978 3466 ut
1014 3400 1279 3467 Graeci
1325 3411 1822 3485 cognoscerent
1865 3420 2088 3482 aequo
2135 3400 2361 3462 animo
2385 3399 2643 3461 Roma-

460 3520 564 3583 nis
611 3519 1064 3582 obediendum
1108 3518 1239 3582 sibi
1283 3539 1434 3582 esse
1479 3518 1620 3602 (III.
1668 3538 1724 3582 c.
1775 3516 1853 3596 4).
1925 3515 2096 3581 Cum
2128 3525 2331 3579 antea
2362 3513 2643 3580 Graecis

395 3701 400 3707 ,
461 3636 678 3699 multa
738 3634 1020 3699 consilia
1079 3635 1382 3698 dedisset
1438 3655 1614 3716 quae
1676 3636 1840 3698 dum
1897 3634 2093 3697 liberi
2139 3640 2332 3697 erant
2376 3639 2640 3694 tantum

462 3751 656 3815 utilia
717 3752 816 3815 eis
874 3770 1024 3814 esse
1085 3760 1401 3833 poterant
1418 3798 1433 3826 ‚
1478 3770 1656 3815 nunc
1701 3751 1891 3813 nulla
1934 3768 2009 3813 re
2059 3768 2232 3831 opus
2279 3767 2429 3811 esse
2474 3746 2646 3808 vidit

553 4045 1174 4127 ¹)I.1§5,cfr.c
1235 4046 1603 4119 4§1;V1.
1654 4041 2415 4121 12§3;IH.1§88q.

548 4143 598 4226 2)
641 4147 746 4204 ΠΙ.
797 4166 822 4204 1
870 4152 899 4217 ᾖ
942 4147 977 4203 8
1021 4163 1104 4221 sq.
1148 4141 1407 4203 ostendit
1446 4151 1540 4211 τὴν
1579 4150 1814 4206 καθόλου
1852 4156 1944 4212 τῆς
1978 4147 2275 4209 ὑποθέσεως
2312 4143 2525 4220 ἔμφασιν
2564 4151 2651 4199 καὶ

464 4251 558 4311 τὴν
612 4256 961 4326 περιγραφὴνκς
1033 4251 1092 4302 et
1151 4243 1330 4302 finem
1389 4240 1771 4323 (καταστροφὴν
1826 4246 1915 4302 καὶ
1973 4235 2290 4317 συντέλειαν)
2348 4234 2649 4296 interitum

467 4341 631 4422 regni
672 4341 1081 4402 Macedoniae.
