3375 5084
1859 326 1982 384 150

827 501 981 563 bius
1045 508 1230 563 certe
1296 520 1432 561 non
1490 521 1580 562 ex
1635 519 1720 562 eo
1765 499 1990 562 hausit
2034 499 2556 581 descriptionem
2601 518 2876 581 pugnae
2926 498 3021 560 ad

836 614 1196 679 Sellasiam
1258 625 1528 698 gestae,
1592 635 1795 697 quam
1855 637 1894 678 e
1954 636 2078 678 suo
2137 616 2223 677 de
2269 616 2411 677 vita
2454 614 3016 696 Philopoemenis

826 732 1001 793 libro
1047 731 1365 814 repetivit
1405 731 1463 813 ¹).
1555 730 1820 813 Quodsi
1863 741 2093 794 autem
2136 730 2467 813 Polybius
2511 731 2687 794 hanc
2732 751 3019 813 pugnae

828 847 1355 928 descriptionem
1414 847 1687 910 aliunde
1741 847 1986 930 petivit
2030 857 2328 911 statuere
2374 847 2536 911 licet
2579 848 2711 911 hoc
2756 845 3020 910 factum

827 984 976 1026 esse
1059 964 1220 1044 quia
1286 963 1544 1026 Aratus
1562 1013 1576 1038 ‚
1647 973 2011 1045 antequam
2080 983 2232 1026 eam
2300 972 2615 1046 tangeret
2630 1012 2645 1038 ,
2714 964 3019 1026 scribere

831 1079 1218 1143 destitisset.

919 1196 1071 1258 Hos
1135 1195 1652 1258 commentarios
1708 1215 1969 1257 summa
2026 1216 2181 1258 cum
2225 1195 2512 1259 veritate
2561 1205 2631 1259 et
2674 1194 2808 1258 fide
2856 1215 3025 1258 con-

830 1313 1118 1394 scriptos
1195 1333 1346 1375 esse
1416 1321 1648 1376 censet
1717 1312 2047 1394 Polybius
2086 1312 2131 1393 2)
2147 1361 2162 1387 ,
2234 1332 2354 1375 eos
2421 1313 2660 1376 sedulo
2738 1312 3031 1395 opponit

830 1428 1020 1492 libris
1083 1428 1467 1510 Phylarchi.
1557 1413 1986 1510 Phylarchus
2026 1426 2070 1510 ³)
2130 1429 2420 1510 scriptor
2473 1449 2611 1492 non
2664 1429 2989 1511 ignobilis
3010 1477 3029 1504 ,

830 1565 939 1608 res
997 1542 1211 1607 Asiae
1260 1553 1329 1607 et
1375 1543 1706 1608 Graeciae
1755 1545 2158 1625 complexus
2204 1550 2310 1607 est
2354 1544 2782 1608 historiarum
2824 1544 3027 1606 libris

838 1666 916 1723 28
937 1709 950 1735 ,
1014 1670 1084 1723 et
1140 1680 1256 1722 eas
1301 1660 1577 1741 quidem
1623 1679 1797 1740 quae
1845 1680 1886 1722 a
1930 1659 2177 1742 Pyrrhi
2224 1660 2662 1742 expeditione
2707 1660 2776 1721 in
2818 1659 3029 1722 Pelo-

833 1796 1209 1857 ponnesum
1270 1777 1358 1838 ad
1420 1775 1805 1838 Cleomenis
1848 1784 2138 1859 mortem
2185 1776 2595 1840 acciderunt.
2685 1775 3026 1857 Polybius

836 1913 990 1956 eum
1053 1892 1395 1955 nonnullis
1456 1892 1607 1955 aliis
1669 1893 2112 1974 scriptoribus
2173 1892 2269 1956 ita
2327 1913 2405 1954 se
2450 1891 2846 1973 probavisse
2893 1891 2995 1954 ait
3012 1939 3029 1965 ‚

834 2019 909 2072 ut
977 2029 1133 2071 eum
1199 2008 1624 2089 potissimum
1685 2009 2105 2090 sequendum
2168 2008 2535 2090 elegerint;
2607 2026 3026 2089 quamquam

836 2146 1042 2207 saepe
1105 2134 1341 2188 contra
1400 2124 1694 2187 Aratum
1755 2125 1936 2188 dicat
1999 2125 2197 2206 eique
2262 2123 2598 2187 contraria
2653 2123 2906 2186 scribat
2942 2121 3027 2203 ⁴);

836 2242 944 2305 cui
1006 2241 1213 2304 errori
1273 2250 1350 2303 ut
1412 2241 1685 2303 obviam
1748 2250 1860 2303 eat
1876 2290 1890 2315 ,
1954 2240 2323 2321 Phylarchi
2369 2238 2574 2303 fidem
2619 2239 3027 2320 impugnare

841 2357 1043 2420 Arati
1090 2355 1487 2420 confirmare
1534 2357 1780 2420 studet.
1864 2356 2291 2438 Phylarchus
2335 2356 2468 2419 hoc
2513 2355 2679 2418 vitio
2725 2354 3033 2436 inprimis

838 2474 1186 2536 laborasse
1261 2473 1530 2536 videtur
1544 2521 1559 2548 ‚
1638 2473 1822 2554 quod
1889 2493 2054 2536 vero
2124 2492 2480 2536 commune
2548 2471 3026 2534 historicorum

839 2590 1019 2652 illius
1082 2589 1324 2653 aetatis
1368 2589 1607 2652 vitium
1656 2598 1833 2664 erat,
1881 2590 2064 2670 quod
2110 2587 2395 2651 affectus
2440 2588 2774 2651 lectorum
2817 2586 3032 2649 vehe-

841 2715 1106 2769 menter
1160 2706 1502 2768 concitare
1549 2706 1826 2768 studens
1845 2755 1859 2781 ,
1905 2706 1986 2768 iis
2031 2706 2237 2768 rebus
2282 2715 2443 2767 ante
2489 2704 2657 2766 alias
2704 2722 3031 2785 magnum

839 2821 909 2882 in
971 2820 1161 2883 libris
1215 2821 1352 2883 suis
1398 2821 1624 2884 locum
1672 2821 2008 2894 concessit
2023 2869 2037 2895 ,
2084 2841 2260 2902 quae
2307 2820 2569 2883 omatui
2615 2818 2910 2883 oratorio
2959 2827 3032 2880 et

842 2938 1035 3019 quasi
1079 2938 1352 3018 poetico
1400 2948 1602 3019 aptae
1619 2987 1635 3013 ,
1683 2939 1771 3001 ad
1806 2939 2336 3002 misericordiam
2367 2937 2482 3001 vel
2515 2937 3027 3000 admirationem

843 3054 1178 3116 lectorum
1248 3054 1506 3116 animos
1572 3074 1851 3117 movere
1912 3064 2207 3136 possent.
2302 3052 2496 3135 Quae
2556 3053 2727 3115 ratio
2787 3071 2829 3114 a
2874 3050 3027 3113 iusti

845 3170 1077 3232 arbitri
1138 3191 1416 3234 munere
1474 3172 1840 3233 admodum
1886 3171 2111 3233 aliena
2125 3220 2140 3247 ‚
2187 3169 2387 3235 facile
2434 3170 2833 3252 scriptorem
2854 3162 2857 3163 ⁷
2878 3187 3022 3250 per-

844 3281 1031 3348 ducit
1078 3287 1165 3348 ad
1210 3286 1533 3349 iudicium
1579 3286 1800 3349 minus
1846 3307 2137 3368 aequum
2183 3287 2271 3349 de
2314 3286 2520 3348 rebus
2565 3283 2780 3366 gestis
2808 3282 3015 3345 feren-

846 3402 1026 3463 dum.
1118 3402 1360 3484 Itaque
1421 3403 1736 3465 novimus
1795 3402 2259 3485 Phylarchum
2309 3402 2647 3464 interdum
2692 3399 2916 3462 studio
2958 3406 3022 3460 et

852 3538 1084 3582 amore
1130 3538 1206 3581 se
1252 3518 1497 3601 corripi
1542 3539 1816 3601 passum
1863 3539 2014 3582 esse
2044 3517 2114 3601 ⁵),
2162 3528 2233 3581 et
2276 3518 2686 3581 Plutarchus
2729 3515 2907 3577 hanc
2938 3514 3019 3575 ob

936 3761 978 3845 ¹)
1020 3762 1158 3823 Vid.
1200 3762 1333 3824 infr.

925 3860 976 3943 ²)
1019 3864 1096 3921 ῙῙ.
1157 3884 1234 3936 40
1292 3870 1320 3935 ἓ
1367 3883 1441 3936 43
1494 3867 1583 3925 διὰ
1630 3867 1692 3924 τὸ
1744 3869 1858 3923 λίαν
1910 3867 2196 3932 ἀληθινοὺς
2230 3867 2318 3922 καὶ
2357 3873 2531 3941 σαφεῖς
2566 3867 2752 3922 ἐκεῖνον
2790 3865 2901 3940 περὶ
2936 3870 3023 3918 τῶν

847 3966 992 4023 ἰδίων
1032 3970 1401 4043 συντεταχέναι
1437 3968 1672 4042 πράξεων
1711 3966 2224 4041 ὑπομνηματισμούς.

928 4058 976 4139 3)
1015 4059 1297 4129 Ἀθηναῖοι·
1336 4065 1366 4127 ἦ
1406 4068 1787 4139 Ναυκρατίτης.
1872 4060 2089 4118 Athen.
2135 4061 2213 4117 II.
2255 4079 2316 4136 p.
2363 4061 2436 4137 58
2482 4059 2550 4118 C.

928 4157 979 4240 4)
1020 4158 1098 4218 H.
1146 4162 1220 4236 56
1264 4166 1292 4231 ἓ
1340 4180 1393 4218 1.
1750 4151 1752 4154 ’

929 4257 979 4340 5)
1021 4260 1173 4317 Plut.
1217 4261 1386 4317 Arat.
1431 4278 1484 4316 c.
1530 4259 1640 4333 38:
1684 4263 1956 4338 Φύλαρχος
1995 4259 2065 4336 ᾧ,
2104 4264 2175 4338 μὴ
2215 4268 2306 4318 τοῦ
2344 4261 2604 4337 Πολυβίου
2641 4266 3017 4337 μαρτυροῦντος,

850 4363 907 4416 οὐ
948 4364 1084 4417 πάνυ
1121 4384 1172 4417 τι
1209 4365 1463 4418 πιστεύειν
1503 4359 1649 4428 ἄξιον
1688 4357 1775 4422 ἧν·
1818 4361 2066 4434 ἐνθουσιᾷ
2104 4360 2208 4434 γὰρ
2245 4358 2368 4416 ’ὅταν
2407 4360 2606 4434 ἅψηται
2626 4367 2721 4416 τοῦ
2739 4361 3024 4436 Κλεομένους
