3375 5084
1853 312 1967 368 182

818 499 1206 579 imperium,
1283 520 1419 561 non
1492 499 1661 562 fines
1680 550 1694 576 ,
1774 502 2145 563 extendere
2163 550 2176 573 ,
2247 500 2583 562 exercitus
2650 500 3003 562 Romanos

820 625 1003 678 trans
1063 635 1248 677 mare
1312 618 1559 679 ducere
1579 666 1592 692 ,
1653 638 1789 679 non
1850 637 1972 698 spe
2024 618 2321 698 praedae
2370 626 2440 679 et
2487 637 2837 698 agrorum,
2884 618 3007 678 sed

817 731 1163 812 potentiae
1211 741 1282 794 et
1325 733 1589 813 gloriae
1607 781 1620 807 ,
1669 734 1930 795 animos
1975 734 2398 795 induxerant.
2469 730 2703 812 Scipio
2747 732 3006 812 primus

820 847 889 908 in
934 845 1241 908 Africam
1284 847 1544 909 bellum
1588 847 2118 912 Hannibalicum
2163 849 2652 911 traducendum
2697 847 2825 912 sibi
2856 867 3008 928 pro-

818 963 1044 1044 posuit
1068 1010 1082 1037 ,
1166 964 1351 1043 quod
1427 963 1782 1025 consilium
1857 984 2061 1045 quam
2129 965 2570 1027 vehementer
2636 965 2725 1025 ab
2798 962 3012 1024 altera

821 1079 1113 1141 factione
1132 1128 1145 1154 ,
1193 1099 1368 1160 quae
1415 1089 1560 1142 tum
1604 1080 1896 1143 Fabium
1942 1083 2185 1143 ducem
2230 1081 2496 1155 habuit,
2536 1081 3013 1162 impugnatum

820 1196 906 1258 sit
960 1195 1226 1257 scimus.
1277 1232 1358 1239 —-
1407 1195 1775 1258 Libertatis
1823 1196 2153 1260 Graeciae
2199 1197 2615 1259 Flamininus
2663 1205 2900 1258 auctor
2945 1192 3012 1274 ¹),

821 1311 1263 1374 clarissimum
1311 1313 1503 1392 quasi
1548 1312 1962 1394 triumphum
2008 1314 2155 1396 egit
2188 1314 2256 1376 in
2286 1313 2718 1376 Isthmiorum
2750 1313 3012 1374 ludicro

821 1447 879 1488 a.
960 1430 1099 1505 196.
1174 1464 1256 1470 --
1320 1427 1582 1489 Eodem
1646 1429 1931 1490 consilio
1993 1430 2198 1491 etiam
2258 1429 2446 1491 bella
2506 1428 2901 1490 Aetolicum
2951 1436 3019 1489 et

822 1539 1180 1623 Syriacum
1242 1551 1561 1623 suscepta
1622 1563 1774 1605 esse
1834 1544 2180 1619 videntur3
2242 1564 2490 1625 nempe
2547 1546 2635 1606 ad
2682 1543 3018 1607 Graeciae

822 1657 1208 1720 libertatem
1266 1660 1801 1721 conservandam
1864 1669 1934 1722 et
1993 1671 2433 1740 patronorum
2495 1680 2773 1722 munere
2825 1668 3018 1722 recte

821 1773 1239 1857 fungendum
1305 1796 1586 1838 necesse
1655 1785 1802 1838 erat
1869 1785 1944 1838 ut
2012 1797 2131 1838 eos
2200 1777 2315 1857 qui
2383 1776 2539 1839 huic
2608 1775 3017 1857 principatui

823 1877 1165 1953 restistere
1227 1900 1630 1953 conarentur
1692 1891 2117 1955 debellarent
2133 1941 2148 1967 ,
2209 1901 2384 1954 neve
2441 1892 2640 1954 unius
2684 1891 3018 1953 victoriae

825 2007 1048 2087 gloria
1110 2007 1410 2069 contenti
1459 2028 1619 2069 cura
1665 2008 2102 2084 absisterent;
2151 2008 2397 2071 scimus
2444 2006 2836 2089 Scipionem
2886 2008 3022 2069 iam

827 2142 884 2183 a.
959 2145 979 2183 1
997 2145 1080 2200 94
1143 2133 1453 2185 senatum
1511 2124 1804 2204 primum
1866 2125 2205 2187 monuisse
2251 2134 2327 2188 ut
2372 2125 2701 2188 Antiochi
2744 2124 3023 2186 insidias

830 2247 1141 2311 caveret,
1189 2238 1479 2301 alterum
1526 2240 1875 2302 consulem
1919 2240 1989 2301 in
2020 2240 2496 2303 Macedoniam
2527 2239 2828 2304 mitteret
2853 2239 2918 2321 2).
2937 2275 3019 2282 -

915 2462 955 2542 ¹)
1010 2466 1198 2542 Leges
1252 2463 1415 2541 pacis
1471 2484 1507 2524 a
1561 2475 1771 2525 senatu
1827 2465 2177 2526 constitutas
2233 2465 2320 2547 (P.
2374 2468 2600 2525 XVIII.
2654 2485 2707 2525 e.
2762 2485 2841 2539 44
2885 2473 2916 2537 ς
2965 2486 2991 2524 1
3016 2511 3030 2537 ,

821 2582 943 2622 non
1003 2581 1042 2621 a
1101 2562 1312 2622 decem
1374 2562 1614 2641 legatis,
1679 2574 1746 2623 ut
1802 2563 1928 2624 Liv.
1988 2566 2269 2623 XXXIII.
2328 2583 2382 2623 e.
2444 2585 2520 2638 24
2576 2574 2636 2624 et
2694 2585 2747 2623 c.
2800 2585 2879 2641 30
2925 2561 3031 2643 ait)

825 2663 1035 2721 decem
1085 2661 1265 2740 legati
1317 2682 1455 2722 cum
1499 2662 1573 2737 Q.
1618 2662 1949 2723 Flaminino
1990 2662 2351 2741 imperatore
2392 2664 2472 2722 ad
2513 2662 2852 2741 Philippum
2900 2682 3030 2740 per·

827 2761 1106 2819 tulerunt.
1191 2763 1351 2820 Num
1405 2780 1557 2839 quae
1599 2763 1675 2821 de
1718 2761 1786 2821 iis
1827 2761 1888 2820 in
1931 2773 2139 2822 senatu
2180 2761 2586 2822 controversia
2626 2762 2799 2822 fuerit
2841 2760 3031 2821 nesci·

824 2879 975 2918 mus.
1061 2859 1119 2918 Si
1177 2859 1278 2937 qui
1333 2861 1569 2920 fuerunt
1624 2859 1727 2937 qui
1781 2860 1898 2920 iam
1956 2871 2084 2921 tum
2127 2862 2203 2921 de
2247 2860 2587 2939 regionibus
2628 2860 2878 2920 Graecis
2923 2861 3032 2920 sub

828 2961 1242 3019 Romanorum
1318 2957 1603 3019 ditionem
1681 2960 2105 3039 subiungendis
2179 2960 2600 3039 cogitaverint,
2673 2959 2714 3018 ii
2776 2970 2910 3019 tum
2973 2958 3034 3017 in

830 3059 1050 3117 Senatu
1100 3057 1243 3117 nihil
1293 3068 1802 3136 perpetraverunt.
1835 3048 1842 3056 ’
1886 3060 2001 3119 Sed
2043 3070 2242 3120 tamen
2285 3080 2423 3119 cum
2466 3070 2698 3120 ceterae
2741 3058 3033 3119 Graeciae

829 3166 1010 3233 atque
1067 3157 1246 3217 Asiae
1302 3158 1477 3217 urbes
1532 3158 1696 3217 haud
1752 3158 1932 3220 dubie
1985 3156 2375 3219 liberarentur
2392 3206 2406 3234 ,
2463 3158 2691 3235 aliquot
2733 3159 2913 3218 urbes
2955 3193 3034 3202 -—-

832 3255 983 3315 inter
1026 3275 1173 3332 quas
1216 3255 1534 3317 Corinthus
1550 3304 1564 3332 ,
1613 3256 1850 3317 Chalcis
1867 3303 1882 3331 ,
1927 3257 2287 3331 DemetriaS,
2330 3257 2589 3317 claustra
2630 3255 2925 3316 Graeciae
2955 3291 3034 3300 —

829 3365 897 3414 ut
968 3374 1192 3414 vacuae
1254 3354 1543 3415 Romanis
1605 3357 1981 3416 traderentur
2043 3366 2101 3415 et
2165 3356 2307 3434 quid
2366 3356 2436 3416 iis
2496 3358 2664 3416 fieret
2724 3356 2908 3434 legati
2970 3365 3034 3415 ut

830 3453 1100 3514 viderent
1143 3454 1450 3514 decretum
1496 3465 1600 3514 est.
1663 3455 1902 3534 Legatis
1943 3465 2144 3515 autem
2186 3456 2293 3515 has
2323 3456 2498 3515 urbes
2528 3454 2714 3533 copiis
2744 3453 3035 3515 Romanis

831 3562 1158 3630 occupatas
1219 3552 1456 3613 retineri
1517 3564 1761 3631 propter
1817 3564 2044 3614 metum
2076 3554 2382 3629 ,Antiochi
2437 3554 2592 3633 regis
2633 3545 3034 3615 necessarium

831 3651 1146 3711 videbatur
1198 3651 1374 3733 (Plut.
1418 3653 1603 3712 Flam.
1648 3673 1700 3712 e.
1752 3674 1823 3712 10
1865 3652 1969 3734 in).
2054 3655 2238 3726 Inqeo
2282 3653 2621 3713 discrimine
2665 3673 2865 3713 rerum
2908 3653 3038 3711 Fla·

831 3750 1087 3810 mininus
1105 3797 1119 3825 ,
1184 3751 1349 3827 quod
1416 3770 1654 3826 „veram
1711 3751 2019 3811 caritatem
2076 3772 2148 3811 ac
2205 3752 2575 3812 maiestatem
2619 3753 2784 3829 apud
2828 3771 3036 3811 omnes

832 3849 1088 3909 nominis
1141 3850 1439 3910 Romani‘'
1498 3849 1648 3931 (Liv.
1706 3853 1994 3910 XXXIII:
2043 3871 2095 3910 c.
2142 3850 2244 3932 31)
2284 3851 2346 3910 id
2390 3852 2690 3929 postulare
2732 3861 3034 3925 censeret,

833 3957 968 4025 post
1028 3950 1270 4027 longam
1328 3949 1769 4010 contentionem
1825 3951 2007 4030 (totos
2063 3949 2189 4009 dies
2253 3948 2525 4010 Corinthi
2567 3948 2812 4009 consilia
2852 3948 3038 4028 agita·

835 4048 1054 4106 bantur
1116 4047 1243 4108 Liv.
1306 4050 1344 4105 l.
1401 4047 1467 4129 1.)
1520 4068 1556 4107 a
1611 4047 1819 4126 legatis
1874 4048 2213 4126 impetravit
2261 4060 2328 4108 ut
2367 4048 2703 4109 libertatem
2746 4048 3038 4108 Graeciae

834 4164 1037 4204 veram
1097 4165 1223 4206 esse
1273 4146 1558 4222 sinerent,
1604 4146 1958 4207 Corinthum
2000 4147 2256 4208 Achaeis
2299 4148 2633 4220 traderent,
2677 4166 2822 4206 mox
2866 4148 3037 4208 Chal-

839 4242 974 4302 cida
1015 4253 1074 4303 et
1115 4245 1560 4305 Demetriadem
1604 4264 1740 4305 suas
1780 4247 1936 4328 leges
1977 4246 2197 4306 habere
2239 4246 2529 4307 iuberent.
2568 4320 2573 4325 ι

924 4339 973 4422 2)
1014 4342 1138 4400 Liv.
1182 4346 1460 4404 XXXIV.
1506 4366 1558 4404 e.
1595 4365 1699 4422 43.
