3375 5084
1441 375 1561 435 153

395 546 681 610 AratuS.
754 546 923 629 Quis
970 558 1198 612 autem
1245 550 1410 631 quid
1455 550 1583 612 hac
1631 551 1701 612 in
1750 571 1824 613 re
1872 571 2111 614 verum
2158 561 2337 615 esset
2363 561 2601 615 contra

397 663 728 726 Aratum-
771 664 1027 746 primus
1095 667 1184 728 ad
1253 667 1478 729 lucem
1546 668 1968 748 protulerat?
2022 667 2210 730 .Non
2269 668 2601 751 Polybius

392 780 658 861 primus
677 828 690 854 ,
740 780 863 842 sed
909 779 1335 863 Phylarchus
1368 776 1441 860 ¹),
1490 782 1681 845 cuius
1727 781 1930 845 fidem
1977 784 2107 846 hac
2152 783 2222 845 in
2258 804 2333 846 re
2366 793 2601 847 contra

391 894 695 958 Aratum
740 895 990 959 invitus
1035 893 1303 959 firmare
1350 907 1626 960 coactus
1674 907 1781 960 est
1824 897 2174 980 Polybius.
2249 898 2565 981 Apparet
2582 947 2597 974 ,

392 1013 589 1094 quod
664 1012 868 1076 etiam
946 1013 1126 1076 ultro
1205 1024 1576 1096 expectare
1651 1015 1997 1096 potuimus
2014 1063 2029 1091 ,
2109 1014 2309 1079 Arati
2384 1016 2596 1079 libros

394 1128 826 1192 laboravisse
888 1130 1229 1192 communi
1289 1130 1458 1194 vitio
1512 1151 1646 1213 quo
1694 1129 1837 1194 fere
1887 1152 2123 1195 omnes
2169 1141 2598 1213 posterorum

398 1246 966 1330 αὐτοβιογραφίας
980 1271 1008 1320 ;
1078 1266 1152 1309 se
1218 1245 1440 1328 ipsum
1511 1266 1668 1310 cum
1739 1246 2135 1322 defendere,
2205 1267 2329 1310 sua
2394 1254 2598 1330 gesta

398 1382 565 1424 cum
634 1362 874 1425 lectori
942 1364 1235 1444 probare
1297 1364 1647 1427 studerent
1719 1373 1788 1427 et
1850 1364 2044 1445 quasi
2125 1383 2454 1427 excusare
2474 1412 2488 1439 ,
2560 1385 2603 1426 a

399 1497 578 1539 vero
645 1477 984 1540 interdum
1053 1479 1359 1561 graviter
1427 1480 1854 1542 aberrabant.
1962 1477 2170 1543 Cuius
2237 1480 2336 1542 rei
2400 1479 2605 1542 etiam

397 1593 668 1656 illustre
740 1594 1135 1675 exemplum
1203 1595 1504 1658 servavit
1575 1595 2004 1658 Plutarchus,
2115 1593 2404 1669 Aratus,
2480 1595 2576 1657 ait
2592 1643 2606 1670 ,

402 1730 567 1772 cum
626 1707 1089 1773 Athenienses
1150 1712 1218 1794 (a
1278 1709 1805 1793 Macedonibus)
1866 1711 2159 1774 liberare
2206 1711 2420 1774 vellet
2437 1759 2450 1786 ,
2496 1710 2607 1773 Pi-

403 1846 646 1888 raeum
702 1846 1038 1909 occupare
1085 1827 1246 1890 dolo
1294 1835 1576 1891 conatus
1623 1838 1759 1903 est;
1809 1829 1993 1910 quod
2039 1849 2115 1891 se
2159 1826 2403 1891 fecisse
2450 1828 2597 1909 ipse

405 1942 479 2004 in
540 1943 1038 2006 commentariis
1099 1943 1281 2007 omni
1326 1944 1615 2027 pignore
1662 1953 1877 2027 negat
1915 1940 1980 2022 ²).
2073 1942 2227 2025 Qua
2272 1944 2475 2025 culpa
2521 1952 2598 2006 ut

404 2078 483 2120 se
543 2069 873 2141 purgaret
912 2055 959 2137 3)
1016 2060 1222 2141 plane
1283 2060 1602 2123 ridiculas
1664 2060 1954 2142 ineptias
2023 2060 2264 2123 lectori
2309 2061 2603 2141 probare

408 2182 694 2237 conatus
741 2186 846 2238 est
891 2174 1148 2239 Aratus
1162 2224 1177 2251 ,
1225 2196 1392 2259 quas
1439 2175 1849 2239 Plutarchus
1897 2197 1988 2239 ex
2017 2175 2228 2257 ipsius
2261 2195 2599 2239 commen-

406 2289 597 2351 tariis
643 2291 978 2372 apposuit.
1047 2291 1294 2355 Narrat
1339 2292 1519 2354 enim
1565 2292 1824 2355 Aratus
1841 2341 1855 2367 ‚
1902 2291 2198 2375 Eginum
2235 2293 2601 2373 quemdam

409 2404 617 2468 fuisse
666 2416 735 2470 et
780 2408 1173 2473 insidiarum
1218 2419 1566 2472 auctorem
1614 2418 1683 2472 et
1732 2408 2027 2472 criminis
2046 2457 2060 2483 ‚
2095 2408 2384 2471 eundem
2413 2409 2605 2471 cuius

410 2542 625 2604 opera
684 2524 918 2606 paullo
977 2534 1135 2588 ante
1189 2523 1588 2589 Corinthum
1634 2534 1916 2607 ceperat
1933 2573 1947 2599 ,
1995 2524 2174 2588 hunc
2222 2524 2402 2587 enim
2449 2545 2602 2588 cum

412 2657 677 2703 murum
739 2641 917 2703 clam
979 2641 1376 2705 custodibus
1435 2643 1917 2706 transcendere
1970 2660 2107 2704 non
2150 2641 2485 2722 potuisset
2532 2650 2603 2704 et

413 2758 635 2839 gradu
680 2756 897 2821 fracto
943 2767 1217 2841 tergum
1263 2759 1576 2822 vertisset
1592 2808 1607 2834 ,
1655 2757 1946 2821 Aratum
1994 2757 2452 2839 appellavisse
2472 2805 2486 2832 ,
2535 2767 2607 2821 et

410 2873 789 2958 fugientem
845 2874 1149 2937 eiusdem
1196 2895 1444 2939 nomen
1491 2876 1733 2939 crebro
1778 2873 2230 2939 vociferatum
2277 2874 2570 2938 edidisse
2590 2922 2603 2949 ,

413 2992 606 3074 quasi
674 2992 974 3066 adesset,
1045 3010 1181 3072 quo
1254 2992 1415 3055 dolo
1481 2993 1798 3056 custodes
1859 3002 2115 3056 terrere
2178 3002 2249 3055 et
2295 2989 2604 3074 effugere

411 3108 763 3190 potuisset.
853 3107 1260 3172 Plutarchus
1305 3119 1493 3173 recte
1541 3109 1762 3183 addit,
1808 3110 1941 3172 hoc
1986 3128 2229 3192 parum
2275 3107 2602 3171 credibile

413 3245 599 3300 esse;
646 3224 873 3306 potius
920 3225 1125 3287 credo
1143 3272 1157 3299 ,
1203 3224 1500 3288 Aratum
1545 3225 1799 3289 alicubi
1844 3225 1913 3288 in
1957 3224 2184 3288 vicino
2232 3224 2603 3297 occultum,

419 3349 685 3404 secreto
750 3340 998 3402 abiisse
1058 3360 1212 3403 cum
1260 3361 1382 3422 spe
1429 3361 1503 3403 se
1549 3339 1946 3404 frustratum
1992 3361 2142 3404 esse
2188 3340 2469 3403 videret.
2521 3375 2602 3383 ——

413 3453 734 3519 Statuere
778 3474 1140 3536 possumus
1185 3456 1312 3518 hos
1359 3456 1880 3520 commentarios
1899 3505 1912 3532 ,
1946 3476 2118 3538 quos
2148 3456 2607 3539 neglegenter

505 3709 547 3791 ¹)
602 3712 757 3770 Plut.
812 3711 982 3770 Arat.
1041 3730 1093 3770 e.
1153 3712 1262 3787 38:
1315 3715 1501 3792 ὀμοίως
1540 3709 1625 3791 (id
1668 3720 1757 3770 est
1796 3709 1954 3771 idem
1998 3712 2162 3788 quod
2203 3707 2509 3789 Polybius)
2553 3712 2612 3770 δὲ

410 3817 500 3873 καὶ
538 3816 810 3892 Φύλαρχος
847 3815 1082 3890 ἱστόρηκε
1118 3816 1241 3890 περὶ.
1270 3818 1486 3871 τούτων.

496 3907 547 3990 ²)
602 3909 758 3968 Plut.
813 3910 982 3968 Arat.
1044 3928 1097 3968 c.
1156 3928 1232 3985 33
1290 3913 1445 3979 αὐτὸς
1491 3908 1851 3991 δ’ἀρνούμενος
1892 3916 1943 3971 ἐν
1993 3921 2102 3978 τοῖς
2136 3913 2500 3989 ὑπομνήμασιν
2542 3908 2616 3976 οἷς

410 4014 751 4071 ἀπολέλοιπεν
763 4058 774 4069 .
1955 4074 1963 4080 ,

500 4106 550 4189 ³)
605 4108 989 4184 Quamquam
1036 4107 1235 4185 paullo
1276 4117 1413 4185 post
1455 4109 1758 4167 confessus
1799 4117 1888 4167 est
1930 4126 1991 4167 se
2030 4108 2410 4167 vehementer
2450 4104 2613 4166 ineu·
2692 4119 2697 4123 “

409 4207 609 4269 buisse
654 4217 719 4266 ut
761 4207 1029 4266 Athenas
1068 4204 1376 4282 liberaret,
1419 4208 1507 4266 Pl.
1550 4208 1779 4267 Cleom.
1822 4226 1872 4266 e.
1926 4209 1996 4266 16
2029 4215 2199 4268 καίτοι
2222 4209 2393 4266 πολλὰ
2417 4215 2611 4267 παθεῖν

414 4317 502 4369 καὶ
541 4303 952 4388 παραλαβέἀὲαι
989 4311 1140 4386 φησὶν
1178 4311 1334 4376 αὐτὸς
1368 4311 1496 4387 ὑπὲρ
1531 4306 1829 4373 Ἀθηναίων
1849 4354 1863 4379 ,
1891 4310 2027 4375 ’ὅπως
2051 4314 2080 4373 ἡ
2111 4310 2259 4374 πόλις
2282 4310 2607 4384 ἀπαλλαγείη

412 4417 631 4489 φρουρᾶς
667 4412 755 4467 καὶ
791 4409 1127 4467 Μακεδόνων.
