3375 5084
1456 322 1536 397 83

487 509 906 573 Accedimus
968 512 1058 573 ad
1118 513 1585 592 quaestionem
1643 513 1855 594 longe
1903 510 2349 574 difficiliorem
2369 563 2382 587 ,
2428 534 2590 575 num

399 626 761 689 verisimile
820 627 906 690 sit
963 628 1032 689 in
1076 648 1360 690 recensu
1406 628 1746 691 bellorum
1795 626 2215 691 Gallicorum
2263 649 2420 690 eum
2466 628 2593 690 Fa-

399 741 585 804 bium
646 753 958 805 secutum
1019 764 1187 806 esse.
1282 741 1531 807 Obstat
1584 745 1771 826 quod
1815 743 1962 807 eius
2007 745 2281 808 traditio
2329 746 2504 807 adeo
2552 765 2593 806 a

397 857 891 921 recentioribus
940 879 1115 940 quae
1164 860 1361 923 nobis
1407 870 1719 922 servatae
1766 870 1923 923 sunt
1958 861 2431 923 traditionibus
2464 861 2593 922 dis-

398 983 635 1055 crepat
655 1023 669 1049 ,
717 985 794 1038 ut
839 975 897 1037 si
942 975 1042 1037 illi
1089 976 1176 1039 sit
1220 975 1389 1039 fides
1407 1025 1421 1051 ,
1467 997 1711 1058 parum
1758 976 1937 1040 certi'
1973 978 2059 1039 de
2105 978 2310 1039 rebus
2354 976 2594 1057 priscis

399 1089 736 1153 Romanis
782 1111 907 1154 nos
955 1093 1363 1174 cognovisse
1410 1092 1760 1156 fatendum
1805 1092 1910 1156 sit.
1983 1092 2138 1156 Hoc
2187 1094 2392 1156 credo
2439 1093 2595 1155 Nie-

396 1207 718 1270 buhrium
778 1208 992 1272 movit
1036 1219 1112 1272 ut
1156 1209 1493 1273 sententia
1537 1218 1803 1273 mutata
1841 1205 1884 1291 ¹)
1930 1208 2108 1272 Livii
2152 1208 2357 1272 fidem
2400 1229 2595 1291 prae-

394 1320 604 1386 ferret
658 1323 720 1404 ²).
826 1323 927 1387 At
999 1324 1308 1388 Niebuhr
1374 1325 1470 1388 ita
1529 1326 1804 1389 locutus
1864 1336 1997 1398 est,
2062 1326 2254 1408 quasi
2316 1326 2401 1387 de
2462 1345 2598 1387 una

396 1448 662 1503 tantum
725 1441 1166 1523 expeditione
1224 1442 1382 1504 anni
1429 1446 1554 1521 367
1606 1451 1961 1524 ageretur,
2008 1461 2232 1522 neque
2279 1440 2591 1513 vidisset,

399 1539 607 1618 etiam
670 1557 757 1619 de
819 1557 1132 1620 omnibus
1185 1557 1336 1620 aliis
1384 1557 1937 1638 expeditionibus
1983 1556 2353 1639 Polybium
2399 1556 2595 1631 Livio

399 1673 737 1736 contraria
782 1675 1069 1737 tradere.
1139 1674 1289 1738 Res
1336 1675 1432 1738 ita
1452 1690 1456 1696 ·
1479 1675 1810 1756 explicari
1855 1650 2119 1755 nequit,
2166 1684 2244 1737 ut
2267 1673 2598 1755 Polybius

395 1770 681 1851 annales
724 1800 1214 1871 perscrutatuS‚
1262 1778 1489 1853 errore
1521 1811 1734 1853 unum
1766 1810 2013 1852 annum
2046 1789 2594 1871 praetermiserit.

493 1903 822 1986 Quaestio
883 1916 1115 1969 autem
1179 1908 1266 1969 de
1330 1927 1465 1988 qua
1527 1907 1759 1988 agitur
1802 1926 1940 1968 non
1984 1906 2081 1968 ita
2126 1905 2603 1968 constituenda

399 2031 510 2083 est
554 2031 630 2084 ut
677 2041 1080 2103 quaeramus
1135 2032 1359 2085 utrum
1404 2022 1774 2104 Polybium
1820 2043 1909 2085 an
1954 2021 2228 2084 Livium
2273 2021 2342 2083 in
2365 2040 2598 2102 -expo-

398 2138 644 2200 nendis
704 2140 908 2202 rebus
970 2139 1305 2202 Romanis
1362 2161 1445 2203 eo
1495 2150 1806 2222 tempore
1851 2138 2070 2221 gestis
2115 2138 2306 2219 sequi
2353 2138 2600 2199 debea-

401 2275 573 2317 mus,
694 2254 931 2318 Livius
1006 2256 1169 2320 satis
1244 2256 1519 2338 plenam
1543 2306 1557 2332 ,
1630 2257 1979 2339 copiosam
1999 2304 2013 2329 ,
2089 2254 2321 2317 multis
2395 2255 2599 2317 rebus

399 2373 959 2436 memorabilibus
1044 2384 1351 2436 ornatam
1431 2375 1863 2437 traditionem
1943 2371 2197 2447 obfert;
2268 2370 2600 2477 Polybius

401 2498 643 2551 contra
696 2488 767 2551 in
815 2488 979 2551 exili
1025 2490 1366 2552 bellorum
1412 2488 1834 2554 Gallicorum
1880 2489 2277 2552 recensione
2324 2508 2398 2549 se
2446 2507 2601 2548 con-

397 2604 633 2679 tinuit,
703 2605 890 2667 nulla
957 2606 1261 2682 nomina,
1330 2606 1552 2668 nullas
1628 2606 2042 2688 praeliorum
2112 2602 2607 2691 descriptiones

359 2720 610 2799 addit.
706 2720 842 2801 Qui
903 2730 1133 2785 autem
1195 2723 1372 2785 inter
1433 2742 1552 2784 eos
1614 2723 1962 2804 optionem
2023 2720 2404 2782 faciendam
2451 2738 2602 2780 esse

402 2835 537 2898 sibi
596 2845 1010 2917 putaverunt
1027 2886 1041 2912 ,
1095 2858 1252 2900 cum
1298 2858 1405 2900 res
1452 2838 1807 2900 Romanas
1854 2836 2172 2899 continua
2216 2835 2601 2929 narratione

406 2971 757 3032 exponere
803 2953 1064 3016 vellent
1080 3002 1094 3028 ,
1140 2952 1411 3017 Livium
1457 2953 1659 3016 facile
1688 2952 2184 3034 praetulerunt;
2218 2952 2275 3014 si
2304 2950 2598 3032 Polybio

490 3266 535 3349 ¹)
590 3267 856 3330 Niebuhr
911 3269 1143 3328 VorleS.
1200 3268 1302 3350 (ed
1357 3267 1526 3348 Isler)
1568 3271 1614 3327 Ι.
1659 3290 1720 3346 p.
1766 3288 1837 3342 41
1853 3289 1904 3328 1.
1988 3269 2128 3326 Was
2171 3286 2289 3327 von
2329 3267 2604 3325 fruheren

395 3366 532 3449 (vor
576 3365 719 3447 361)
759 3366 1248 3446 Erscheinungen
1292 3368 1400 3427 der
1443 3367 1665 3428 Gallier
1708 3367 1977 3427 erwahnt
2020 3366 2198 3440 wird‚
2231 3366 2370 3425 dem
2399 3364 2608 3423 wider-

396 3466 624 3545 spricht
682 3465 964 3544 Polybius
981 3512 996 3540 ,
1055 3466 1162 3526 der
1218 3468 1330 3526 alle
1384 3469 1543 3545 Zuge
1600 3467 1911 3527 derselben
1953 3464 2195 3544 angiebt
2238 3465 2362 3524 und
2406 3463 2606 3523 diesen

395 3567 485 3627 als
526 3566 644 3626 den
690 3576 884 3626 ersten
926 3567 1084 3642 nach
1127 3566 1234 3625 der
1276 3568 1635 3645 Zerstorung
1676 3568 1866 3626 Roms
1909 3566 2155 3624 nennt.’'

485 3664 536 3745 2)
577 3665 750 3726 Nieb.
796 3668 972 3725 Rom.
1020 3666 1238 3725 Gesch.
1282 3667 1389 3725 ΠΙ.
1434 3687 1493 3743 p.
1528 3668 1637 3741 87:
1670 3665 1819 3740 „das
1849 3664 2214 3742 unbedingte
2241 3666 2604 3733 Vertrauen‚

403 3765 657 3824 welches
706 3763 989 3842 Polybius
1030 3765 1123 3824 fur
1165 3764 1261 3824 die
1300 3762 1425 3823 ihm
1467 3764 1660 3823 nahen
1703 3763 1903 3824 Zeiten
1949 3764 2234 3841 gebuhrt,
2278 3762 2437 3819 kann
2483 3758 2607 3818 sich

403 3863 570 3923 nicht
627 3864 736 3924 auf
791 3884 855 3924 so
912 3865 1029 3924 alte
1085 3865 1449 3937 erstrecken,
1496 3864 1769 3923 woruber
1811 3883 1875 3921 er
1916 3882 2028 3921 nur
2069 3861 2130 3920 in
2174 3861 2291 3920 den
2334 3859 2607 3918 Annalen

404 3964 661 4038 suchen,
726 3964 853 4023 und
909 3962 1007 4023 die
1060 3964 1327 4023 Vorfalle
1380 3961 1538 4023 eines
1592 3963 1799 4038 Jahres
1852 3960 2031 4021 leicht
2088 3980 2237 4039 ganz
2279 3957 2606 4019 ubersehen

402 4063 643 4124 konnte.
729 4061 863 4122 Sein
921 4061 1297 4135 Vorurtheil,
1356 4063 1498 4122 dasz
1552 4060 1770 4121 Fabius
1824 4060 2035 4119 immer
2094 4061 2186 4118 fur
2243 4057 2339 4117 die
2381 4059 2606 4116 Romer

389 4161 771 4236 ubertreibe,
815 4162 1054 4222 machte
1104 4160 1207 4220 ihn
1247 4161 1598 4239 wenigstens
1640 4158 1878 4238 geneigt
1919 4158 2048 4218 eine
2093 4158 2474 4233 Darstellung
2514 4155 2605 4213 fur

410 4261 614 4320 achter
657 4282 729 4320 zu
770 4262 969 4321 halten
1012 4259 1197 4320 worin
1240 4260 1532 4320 romische
1576 4259 1744 4337 Siege
1788 4258 2249 4318 verschwanden
2278 4292 2360 4301 —-
2380 4291 2461 4300 ——-
2483 4256 2600 4297 -—-’'

408 4362 641 4420 Eodem
686 4363 868 4420 modo
912 4359 1138 4420 iudicat
1179 4361 1524 4419 Lachmann
1566 4359 1642 4418 de
1683 4359 1829 4417 font.
1876 4353 2023 4416 Livii
2064 4359 2111 4416 I.
2158 4378 2215 4434 p.
2262 4360 2356 4431 65.
