3375 5084
1401 344 1519 402 173

366 536 504 578 rem
566 515 931 597 Polybium
994 526 1135 579 tam
1181 516 1394 578 libere
1442 536 1652 598 agere
1698 517 2000 597 potuisse
2021 566 2034 592 ,
2084 519 2266 598 quod
2309 527 2548 580 notum

366 642 543 696 esset
609 653 767 694 eum
833 652 987 695 cum
1049 632 1130 695 iis
1191 641 1371 696 stare
1425 632 1543 713 qui
1587 633 2049 715 integritatem
2094 633 2553 715 Peloponnesi

370 748 679 810 omnibus
725 749 928 809 rebus
976 756 1483 829 anteponerent.
1553 746 1823 811 Deinde
1863 747 1944 829 Q.
1986 748 2227 811 Marcii
2255 749 2428 812 ratio
2459 750 2554 811 ita

367 864 607 926 melius
684 863 995 946 intellegi
1069 873 1329 945 potest3
1407 864 1672 927 sciebat
1750 864 1987 946 opinor
2062 864 2389 926 auxilium
2463 865 2552 926 ab

364 978 665 1042 Achaeis
743 980 1049 1042 oblatum
1116 999 1253 1042 non
1319 999 1594 1060 prorsus
1662 980 1927 1042 sincero
1997 980 2221 1042 animo
2291 978 2517 1042 offerri
2535 1026 2551 1052 ,

366 1105 602 1158 contra
671 1096 942 1178 legatos
1010 1096 1252 1159 missos
1314 1117 1464 1158 esse
1528 1097 1644 1178 qui
1705 1095 1848 1158 fere
1909 1096 2103 1159 inviti
2163 1095 2553 1160 necessitati

368 1212 706 1274 cederent.
828 1209 1192 1275 Difficilius
1267 1232 1431 1274 sane
1508 1221 1613 1275 est
1693 1232 1732 1273 e
1807 1211 2205 1294 fragmentis
2282 1211 2554 1293 Polybii

366 1326 638 1390 efficere
708 1327 871 1408 quid
938 1337 1102 1391 tunc
1167 1328 1251 1390 de
1298 1327 1652 1409 republica
1700 1327 2037 1391 censuerit
2052 1376 2066 1402 ,
2111 1348 2269 1389 nam
2312 1337 2556 1409 postea

364 1463 519 1505 cum
587 1443 916 1507 scriberet
983 1444 1054 1506 id
1123 1444 1349 1507 celare
1414 1444 1651 1507 sedulo
1717 1444 1988 1507 studuit.
2079 1443 2427 1508 Aristaeni
2485 1454 2554 1507 et

361 1559 916 1641 Philopoemenis
962 1560 1389 1641 opinionibus
1437 1560 1829 1641 compositis
1877 1570 1947 1623 et
1979 1560 2338 1642 explicatis
2363 1560 2553 1623 addit

363 1674 519 1737 illas
586 1674 794 1738 fuisse
856 1676 1177 1738 honestas
1237 1675 1673 1759 (εὐσχήμονας)
1692 1723 1706 1751 ,
1769 1676 1894 1738 has
1957 1676 2227 1757 pulcras
2274 1672 2520 1758 (καλάς)
2538 1723 2553 1751 ,

361 1799 685 1872 utrasque
731 1791 1123 1872 probabiles
1170 1788 1522 1875 (ἀσφαλεῖς)
1572 1792 1633 1868 Ι);
1683 1812 1801 1854 eas
1848 1790 2153 1854 diversas
2200 1792 2554 1872 opiniones

361 1906 431 1968 in
481 1928 650 1989 quas
695 1916 839 1969 tum
886 1906 1180 1972 Graecia
1224 1908 1651 1983 discedebat,
1684 1909 1780 1972 ita
1813 1928 2159 1989 exponere
2192 1908 2449 1971 studuit
2482 1917 2556 1970 ut

358 2022 662 2104 utrisque
707 2022 892 2090 idem
937 2024 1268 2089 tribueret
1287 2072 1301 2098 ‚
1347 2024 1604 2087 neutris
1651 2024 1965 2087 addictus
1994 2024 2355 2086 videretur.
2413 2022 2556 2087 Sed

358 2147 590 2200 tamen
654 2138 789 2201 alio
853 2139 1008 2201 loco
1064 2159 1139 2201 se
1185 2139 1332 2221 ipse
1379 2149 1691 2202 recenset
1735 2140 1910 2202 inter
1955 2159 2075 2202 eos
2120 2139 2236 2220 qui
2282 2140 2553 2202 omnino

358 2254 548 2316 nulla
626 2254 696 2316 in
770 2275 844 2317 re
917 2254 1389 2317 Romanorum
1458 2256 1801 2319 adiutores
1825 2304 1839 2330 ‚
1909 2265 1987 2319 ut
2054 2265 2214 2318 tunc
2282 2254 2519 2318 Archo
2537 2305 2552 2330 ,

358 2390 586 2450 neque
633 2390 919 2452 usquam
964 2371 1389 2433 adversarios
1435 2392 1510 2433 se
1555 2372 2030 2452 praebuerant.
2109 2372 2349 2454 (Τριῶν
2403 2369 2554 2432 δια-

358 2483 600 2567 φορῶν)
646 2489 767 2567 μία
812 2486 932 2565 μὲν
983 2481 1061 2566 ἦν
1110 2489 1239 2553 τῶν
1291 2486 1407 2570 οὐχ
1454 2485 1655 2568 ἡδέως
1700 2488 1819 2567 μὲν
1868 2489 2169 2568 ὁρώντων
2206 2490 2552 2569 κρινόμενα

355 2589 440 2663 τὰ
505 2597 627 2665 ὅλα
691 2606 800 2665 καὶ
862 2609 980 2683 τὴν
1032 2614 1143 2687 τῆς
1188 2602 1567 2684 οἰκουμένης
1619 2602 1923 2677 ἐξουσίαν
1968 2606 2092 2668 ὑπὸ
2138 2604 2297 2683 μίαν
2346 2603 2552 2686 ἀρχὴν

355 2720 767 2793 πίπτουσαν,
841 2724 988 2784 οὔτε
1068 2716 1139 2782 δὲ
1210 2721 1694 2801 συνεργούντων
1768 2717 1906 2783 οὔτ’
1973 2707 2550 2800 ἀντιπραττόντων

353 2828 587 2908 ἅπλῶς
635 2831 991 2916 ςΡωμαιόις
1041 2831 1267 2909 οὐδέν,
1318 2831 1463 2899 ἀλλ’
1513 2829 1653 2899 οἷον
1707 2837 2228 2916 ἐπιτετραφότων
2280 2843 2357 2917 τῇ
2393 2840 2550 2916 τύχῃ

355 2953 506 3028 περὶ
595 2955 725 3015 τῶν
812 2949 1323 3034 ἀποβησομένων
1376 2949 1576 3032 ...²).
1683 2949 1901 3032 Atqui
1980 2970 2255 3031 prorsus
2315 2949 2556 3012 iisdem

355 3064 589 3128 verbis
637 3065 1025 3147 opinionem
1068 3065 1410 3147 Lycortae
1443 3075 1679 3129 contra
1709 3064 2105 3128 Archonem
2143 3074 2557 3146 exposuerat

354 3172 721 3262 Polybius:
779 3157 850 3257 „o‘
897 3187 1016 3262 μὲν
1068 3175 1182 3247 οὖν
1229 3189 1571 3265 Λυκόρτας
1621 3185 1873 3266 ἔμεινεν
1927 3183 2033 3244 ἐπὶ
2085 3189 2194 3262 τῆς
2245 3180 2313 3255 ἐξ
2358 3180 2553 3265 ἀρχῆς

360 3295 777 3379 προθέσεως,
848 3302 1083 3382 κρίνων
1129 3307 1285 3382 μήτε
1330 3307 1569 3380 Περσεῖ
1613 3304 1769 3382 μήτε
1818 3298 2171 3379 “Ρωμαιόις
2220 3306 2553 3380 συνεργεῖν

353 3413 598 3497 μηδέν,
664 3414 893 3494 ὁμοίως
954 3415 1106 3498 μηδ’
1176 3390 1643 3498 ἀντιπράττειν
1706 3411 2112 3498 μηδετέροις”
2153 3410 2212 3494 ³).
2313 3412 2554 3493 Itaque

355 3528 509 3609 ipse
580 3548 733 3591 cum
798 3538 995 3610 patre
1055 3528 1381 3605 faciebat;
1445 3540 1517 3594 et
1575 3530 1694 3593 ubi
1755 3530 1949 3605 dicit,
1977 3587 1982 3592 .
2012 3528 2304 3592 Aratum
2350 3526 2555 3589 fuisse

356 3644 706 3708 societatis
776 3645 1197 3709 conditorem
1214 3695 1228 3721 ‚
1298 3647 1906 3728 Philopoemenem
1967 3653 2549 3728 propugnatorem

358 3745 436 3822 et
494 3758 947 3840 perfectorem
965 3808 980 3836 ‚
1043 3772 1591 3825 conservatorem
1653 3773 1886 3826 autem
1928 3761 2274 3844 Lycortan
2321 3771 2391 3822 et
2435 3759 2552 3840 qui

361 3895 522 3938 cum
585 3896 670 3939 eo
732 3885 989 3941 starent
1027 3876 1072 3959 4)
1088 3926 1103 3952 ,
1167 3888 1351 3941 certe
1413 3879 1519 3941 his
1578 3879 1963 3942 novissimis
2025 3877 2230 3940 etiam
2283 3895 2358 3937 se
2404 3875 2551 3955 ipse

451 4056 493 4137 ¹)
536 4060 595 4115 P.
645 4060 835 4117 XXV.
880 4079 931 4117 c.
979 4061 1050 4136 9b
1092 4067 1119 4131 ξ
1166 4062 1221 4119 8.

445 4153 1298 4235 ²)P.XXX.c.6§5sq.

447 4253 496 4334 3)
537 4256 602 4314 P.
646 4257 929 4314 XXVIII.
971 4275 1025 4314 e.
1071 4259 1106 4314 6
1148 4264 1178 4327 ἓ
1220 4276 1275 4333 3.

446 4353 496 4434 4)
537 4355 602 4413 Ρ.
660 4357 736 4413 Π.
796 4375 873 4428 40
929 4362 957 4426 ξ
1003 4375 1034 4413 2
1074 4362 1373 4436 βεβαιὼτην
1413 4361 1471 4416 δὲ
1506 4368 1598 4417 τοῦ
1635 4365 1852 4436 μονίμου
1890 4361 2051 4420 αὐτὴν
2090 4360 2174 4415 ἐπὶ
2211 4360 2371 4416 ποσὸν
2408 4364 2553 4435 γενέ-
