<?xml version="1.0" encoding="UTF-8"?>
<!DOCTYPE html PUBLIC "-//W3C//DTD XHTML 1.0 Transitional//EN"
    "http://www.w3.org/TR/xhtml1/DTD/xhtml1-transitional.dtd">
<html xmlns="http://www.w3.org/1999/xhtml" xml:lang="en" lang="en">
 <head>
  <title>
</title>
<meta http-equiv="Content-Type" content="text/html;charset=utf-8" />
  <meta name='ocr-system' content='tesseract 3.04.00' />
  <meta name='ocr-capabilities' content='ocr_page ocr_carea ocr_par ocr_line ocrx_word'/>
</head>
<body>
  <div class='ocr_page' id='page_1' title='image "./depolybiifontib00wetegoog_0159.png"; bbox 0 0 3375 5084; ppageno 0'>
   <div class='ocr_carea' id='block_1_1' title="bbox 1391 379 1508 440">
    <p class='ocr_par' dir='ltr' id='par_1_1' title="bbox 1391 379 1508 440">
     <span class='ocr_line' id='line_1_1' title="bbox 1391 379 1508 440; baseline 0.026 -3"><span class='ocrx_word' id='word_1_1' title='bbox 1391 379 1508 440; x_wconf 84' lang='lat'>147</span> 
     </span>
    </p>
   </div>
   <div class='ocr_carea' id='block_1_2' title="bbox 344 553 2551 3306">
    <p class='ocr_par' dir='ltr' id='par_1_2' title="bbox 344 553 2551 3306">
     <span class='ocr_line' id='line_1_2' title="bbox 350 553 2543 636; baseline 0 -21"><span class='ocrx_word' id='word_1_2' title='bbox 350 553 623 616; x_wconf 85' lang='lat' dir='ltr'>etiamsi</span> <span class='ocrx_word' id='word_1_3' title='bbox 670 574 779 616; x_wconf 90' lang='lat' dir='ltr'>res</span> <span class='ocrx_word' id='word_1_4' title='bbox 824 564 1059 636; x_wconf 88' lang='lat' dir='ltr'>gestas</span> <span class='ocrx_word' id='word_1_5' title='bbox 1104 564 1292 617; x_wconf 89' lang='lat' dir='ltr'>recte</span> <span class='ocrx_word' id='word_1_6' title='bbox 1338 555 1616 617; x_wconf 83' lang='lat' dir='ltr'>tradidit</span> <span class='ocrx_word' id='word_1_7' title='bbox 1630 603 1646 629; x_wconf 87' lang='lat'>,</span> <span class='ocrx_word' id='word_1_8' title='bbox 1678 554 1909 617; x_wconf 91' lang='lat' dir='ltr'>nescio</span> <span class='ocrx_word' id='word_1_9' title='bbox 1941 574 2028 616; x_wconf 91' lang='lat' dir='ltr'>an</span> <span class='ocrx_word' id='word_1_10' title='bbox 2059 555 2276 617; x_wconf 89' lang='lat' dir='ltr'>minus</span> <span class='ocrx_word' id='word_1_11' title='bbox 2310 575 2543 616; x_wconf 86' lang='lat' dir='ltr'>veram</span> 
     </span>
     <span class='ocr_line' id='line_1_3' title="bbox 345 667 2546 752; baseline 0.001 -22"><span class='ocrx_word' id='word_1_12' title='bbox 345 668 724 750; x_wconf 79' lang='lat' dir='ltr'>imaginem</span> <span class='ocrx_word' id='word_1_13' title='bbox 800 669 1058 752; x_wconf 89' lang='lat' dir='ltr'>ingenii</span> <span class='ocrx_word' id='word_1_14' title='bbox 1117 667 1456 752; x_wconf 87' lang='lat' dir='ltr'>Scipionis</span> <span class='ocrx_word' id='word_1_15' title='bbox 1515 671 1814 752; x_wconf 83' lang='lat' dir='ltr'>pinxerit</span> <span class='ocrx_word' id='word_1_16' title='bbox 1873 670 2219 752; x_wconf 77' lang='lat' dir='ltr'>Polybius,</span> <span class='ocrx_word' id='word_1_17' title='bbox 2325 671 2546 733; x_wconf 89' lang='lat' dir='ltr'>Multa</span> 
     </span>
     <span class='ocr_line' id='line_1_4' title="bbox 350 784 2544 868; baseline 0.002 -23"><span class='ocrx_word' id='word_1_18' title='bbox 350 785 539 846; x_wconf 84' lang='lat' dir='ltr'>enim</span> <span class='ocrx_word' id='word_1_19' title='bbox 606 785 804 848; x_wconf 91' lang='lat' dir='ltr'>nimis</span> <span class='ocrx_word' id='word_1_20' title='bbox 874 786 1258 849; x_wconf 82' lang='lat' dir='ltr'>admiratur.</span> <span class='ocrx_word' id='word_1_21' title='bbox 1349 785 1587 849; x_wconf 91' lang='lat' dir='ltr'>Veluti</span> <span class='ocrx_word' id='word_1_22' title='bbox 1656 807 1810 850; x_wconf 92' lang='lat' dir='ltr'>cum</span> <span class='ocrx_word' id='word_1_23' title='bbox 1879 807 2055 849; x_wconf 91' lang='lat' dir='ltr'>anno</span> <span class='ocrx_word' id='word_1_24' title='bbox 2121 808 2243 865; x_wconf 80' lang='lat'>203</span> <span class='ocrx_word' id='word_1_25' title='bbox 2312 784 2544 868; x_wconf 89' lang='lat' dir='ltr'>Scipio</span> 
     </span>
     <span class='ocr_line' id='line_1_5' title="bbox 344 901 2543 982; baseline 0.002 -21"><span class='ocrx_word' id='word_1_26' title='bbox 344 920 572 982; x_wconf 86' lang='lat' dir='ltr'>prope</span> <span class='ocrx_word' id='word_1_27' title='bbox 630 901 904 965; x_wconf 84' lang='lat' dir='ltr'>Uticam</span> <span class='ocrx_word' id='word_1_28' title='bbox 967 903 1054 964; x_wconf 87' lang='lat' dir='ltr'>ad</span> <span class='ocrx_word' id='word_1_29' title='bbox 1113 922 1301 964; x_wconf 89' lang='lat' dir='ltr'>mare</span> <span class='ocrx_word' id='word_1_30' title='bbox 1366 912 1587 965; x_wconf 89' lang='lat' dir='ltr'>castra</span> <span class='ocrx_word' id='word_1_31' title='bbox 1640 903 1928 965; x_wconf 90' lang='lat' dir='ltr'>haberet</span> <span class='ocrx_word' id='word_1_32' title='bbox 1944 952 1958 978; x_wconf 93' lang='lat'><strong><em>,</em></strong></span> <span class='ocrx_word' id='word_1_33' title='bbox 2005 902 2398 965; x_wconf 88' lang='lat' dir='ltr'>Hasdrubal</span> <span class='ocrx_word' id='word_1_34' title='bbox 2444 903 2543 964; x_wconf 92' lang='lat' dir='ltr'>in—</span> 
     </span>
     <span class='ocr_line' id='line_1_6' title="bbox 344 1016 2546 1102; baseline 0 -23"><span class='ocrx_word' id='word_1_35' title='bbox 344 1017 677 1099; x_wconf 87' lang='lat' dir='ltr'>gentibus</span> <span class='ocrx_word' id='word_1_36' title='bbox 745 1016 1084 1100; x_wconf 89' lang='lat' dir='ltr'>Syphacis</span> <span class='ocrx_word' id='word_1_37' title='bbox 1152 1019 1424 1082; x_wconf 78' lang='lat' dir='ltr'>auxiliis</span> <span class='ocrx_word' id='word_1_38' title='bbox 1493 1029 1734 1083; x_wconf 91' lang='lat' dir='ltr'>auctus</span> <span class='ocrx_word' id='word_1_39' title='bbox 1805 1018 2021 1102; x_wconf 87' lang='lat' dir='ltr'>(XIV.</span> <span class='ocrx_word' id='word_1_40' title='bbox 2092 1040 2148 1083; x_wconf 88' lang='lat' dir='ltr'>c.</span> <span class='ocrx_word' id='word_1_41' title='bbox 2229 1042 2250 1081; x_wconf 96' lang='lat'>1</span> <span class='ocrx_word' id='word_1_42' title='bbox 2321 1024 2352 1096; x_wconf 67' lang='grc'>5</span> <span class='ocrx_word' id='word_1_43' title='bbox 2433 1042 2454 1080; x_wconf 92' lang='lat'>1</span> <span class='ocrx_word' id='word_1_44' title='bbox 2470 1040 2510 1097; x_wconf 86' lang='lat'>4</span> <span class='ocrx_word' id='word_1_45' title='bbox 2532 1068 2546 1094; x_wconf 92' lang='lat'><strong><em>,</em></strong></span> 
     </span>
     <span class='ocr_line' id='line_1_7' title="bbox 358 1135 2542 1218; baseline 0.001 -24"><span class='ocrx_word' id='word_1_46' title='bbox 358 1155 387 1194; x_wconf 93' lang='lat'>1</span> <span class='ocrx_word' id='word_1_47' title='bbox 403 1154 578 1195; x_wconf 95' lang='lat' dir='ltr'>oooo</span> <span class='ocrx_word' id='word_1_48' title='bbox 626 1154 748 1215; x_wconf 72' lang='lat' dir='ltr'>eq„</span> <span class='ocrx_word' id='word_1_49' title='bbox 799 1155 1018 1212; x_wconf 89' lang='lat' dir='ltr'>5oooo</span> <span class='ocrx_word' id='word_1_50' title='bbox 1063 1136 1238 1218; x_wconf 91' lang='lat' dir='ltr'>ped.)</span> <span class='ocrx_word' id='word_1_51' title='bbox 1285 1136 1613 1199; x_wconf 87' lang='lat' dir='ltr'>adversus</span> <span class='ocrx_word' id='word_1_52' title='bbox 1660 1156 1816 1198; x_wconf 91' lang='lat' dir='ltr'>eum</span> <span class='ocrx_word' id='word_1_53' title='bbox 1861 1136 2035 1198; x_wconf 90' lang='lat' dir='ltr'>binis</span> <span class='ocrx_word' id='word_1_54' title='bbox 2083 1135 2319 1199; x_wconf 87' lang='lat' dir='ltr'>castris</span> <span class='ocrx_word' id='word_1_55' title='bbox 2351 1136 2542 1198; x_wconf 90' lang='lat' dir='ltr'>sede-</span> 
     </span>
     <span class='ocr_line' id='line_1_8' title="bbox 349 1248 2547 1334; baseline 0.001 -23"><span class='ocrx_word' id='word_1_56' title='bbox 349 1258 467 1312; x_wconf 84' lang='lat' dir='ltr'>ret</span> <span class='ocrx_word' id='word_1_57' title='bbox 484 1299 499 1323; x_wconf 93' lang='lat'><strong>,</strong></span> <span class='ocrx_word' id='word_1_58' title='bbox 545 1248 778 1333; x_wconf 92' lang='lat' dir='ltr'>Scipio</span> <span class='ocrx_word' id='word_1_59' title='bbox 823 1252 1108 1315; x_wconf 89' lang='lat' dir='ltr'>induciis</span> <span class='ocrx_word' id='word_1_60' title='bbox 1154 1253 1454 1334; x_wconf 90' lang='lat' dir='ltr'>acceptis</span> <span class='ocrx_word' id='word_1_61' title='bbox 1486 1252 1905 1334; x_wconf 88' lang='lat' dir='ltr'>aliquamdiu</span> <span class='ocrx_word' id='word_1_62' title='bbox 1939 1272 2063 1333; x_wconf 90' lang='lat' dir='ltr'>per</span> <span class='ocrx_word' id='word_1_63' title='bbox 2094 1252 2365 1334; x_wconf 91' lang='lat' dir='ltr'>legatos</span> <span class='ocrx_word' id='word_1_64' title='bbox 2394 1271 2547 1314; x_wconf 88' lang='lat' dir='ltr'>cum</span> 
     </span>
     <span class='ocr_line' id='line_1_9' title="bbox 348 1362 2550 1454; baseline 0 -26"><span class='ocrx_word' id='word_1_65' title='bbox 348 1362 679 1447; x_wconf 87' lang='lat' dir='ltr'>Syphace</span> <span class='ocrx_word' id='word_1_66' title='bbox 749 1368 834 1430; x_wconf 90' lang='lat' dir='ltr'>de</span> <span class='ocrx_word' id='word_1_67' title='bbox 902 1388 1076 1449; x_wconf 89' lang='lat' dir='ltr'>pace</span> <span class='ocrx_word' id='word_1_68' title='bbox 1147 1368 1319 1454; x_wconf 84' lang='lat' dir='ltr'>egit,</span> <span class='ocrx_word' id='word_1_69' title='bbox 1392 1369 1581 1431; x_wconf 84' lang='lat' dir='ltr'>cuius</span> <span class='ocrx_word' id='word_1_70' title='bbox 1645 1368 2069 1431; x_wconf 91' lang='lat' dir='ltr'>conditiones</span> <span class='ocrx_word' id='word_1_71' title='bbox 2133 1388 2287 1431; x_wconf 92' lang='lat' dir='ltr'>cum</span> <span class='ocrx_word' id='word_1_72' title='bbox 2348 1376 2550 1430; x_wconf 89' lang='lat' dir='ltr'>antea</span> 
     </span>
     <span class='ocr_line' id='line_1_10' title="bbox 345 1480 2546 1565; baseline 0.001 -23"><span class='ocrx_word' id='word_1_73' title='bbox 345 1501 444 1542; x_wconf 90' lang='lat' dir='ltr'>ne</span> <span class='ocrx_word' id='word_1_74' title='bbox 510 1480 687 1544; x_wconf 89' lang='lat' dir='ltr'>ferre</span> <span class='ocrx_word' id='word_1_75' title='bbox 755 1483 1028 1564; x_wconf 84' lang='lat' dir='ltr'>quidem</span> <span class='ocrx_word' id='word_1_76' title='bbox 1097 1504 1315 1565; x_wconf 90' lang='lat' dir='ltr'>aeque</span> <span class='ocrx_word' id='word_1_77' title='bbox 1375 1493 1609 1565; x_wconf 93' lang='lat' dir='ltr'>posset</span> <span class='ocrx_word' id='word_1_78' title='bbox 1669 1481 1902 1565; x_wconf 93' lang='lat' dir='ltr'>Scipio</span> <span class='ocrx_word' id='word_1_79' title='bbox 1945 1480 1986 1565; x_wconf 94' lang='grc'>1)</span> <span class='ocrx_word' id='word_1_80' title='bbox 2005 1533 2019 1558; x_wconf 91' lang='grc'><strong><em>,</em></strong></span> <span class='ocrx_word' id='word_1_81' title='bbox 2082 1504 2247 1546; x_wconf 88' lang='lat' dir='ltr'>mox</span> <span class='ocrx_word' id='word_1_82' title='bbox 2293 1483 2546 1546; x_wconf 80' lang='lat' dir='ltr'>fraudis</span> 
     </span>
     <span class='ocr_line' id='line_1_11' title="bbox 352 1598 2549 1683; baseline 0.002 -24"><span class='ocrx_word' id='word_1_83' title='bbox 352 1598 641 1661; x_wconf 89' lang='lat' dir='ltr'>consilio</span> <span class='ocrx_word' id='word_1_84' title='bbox 688 1611 1004 1682; x_wconf 92' lang='lat' dir='ltr'>suscepto</span> <span class='ocrx_word' id='word_1_85' title='bbox 1050 1601 1239 1682; x_wconf 89' lang='lat' dir='ltr'>pacis</span> <span class='ocrx_word' id='word_1_86' title='bbox 1285 1602 1607 1683; x_wconf 91' lang='lat' dir='ltr'>cupidum</span> <span class='ocrx_word' id='word_1_87' title='bbox 1653 1622 1727 1664; x_wconf 90' lang='lat' dir='ltr'>se</span> <span class='ocrx_word' id='word_1_88' title='bbox 1778 1622 1928 1664; x_wconf 89' lang='lat' dir='ltr'>esse</span> <span class='ocrx_word' id='word_1_89' title='bbox 1975 1601 2322 1665; x_wconf 89' lang='lat' dir='ltr'>simulavit</span> <span class='ocrx_word' id='word_1_90' title='bbox 2339 1651 2354 1676; x_wconf 92' lang='lat'>,</span> <span class='ocrx_word' id='word_1_91' title='bbox 2387 1602 2549 1663; x_wconf 91' lang='lat' dir='ltr'>dum</span> 
     </span>
     <span class='ocr_line' id='line_1_12' title="bbox 347 1714 2546 1800; baseline 0.002 -25"><span class='ocrx_word' id='word_1_92' title='bbox 347 1714 573 1796; x_wconf 86' lang='lat' dir='ltr'>legati</span> <span class='ocrx_word' id='word_1_93' title='bbox 648 1716 886 1778; x_wconf 89' lang='lat' dir='ltr'>sedulo</span> <span class='ocrx_word' id='word_1_94' title='bbox 956 1717 1161 1779; x_wconf 89' lang='lat' dir='ltr'>situm</span> <span class='ocrx_word' id='word_1_95' title='bbox 1228 1727 1602 1780; x_wconf 87' lang='lat' dir='ltr'>castrorum</span> <span class='ocrx_word' id='word_1_96' title='bbox 1670 1717 2020 1781; x_wconf 89' lang='lat' dir='ltr'>hostilium</span> <span class='ocrx_word' id='word_1_97' title='bbox 2091 1717 2546 1800; x_wconf 82' lang='lat' dir='ltr'>explorarent.</span> 
     </span>
     <span class='ocr_line' id='line_1_13' title="bbox 349 1829 2551 1914; baseline 0.001 -23"><span class='ocrx_word' id='word_1_98' title='bbox 349 1829 535 1891; x_wconf 87' lang='lat' dir='ltr'>Tum</span> <span class='ocrx_word' id='word_1_99' title='bbox 597 1830 821 1893; x_wconf 91' lang='lat' dir='ltr'>subito</span> <span class='ocrx_word' id='word_1_100' title='bbox 890 1851 964 1894; x_wconf 88' lang='lat' dir='ltr'>se</span> <span class='ocrx_word' id='word_1_101' title='bbox 1034 1833 1308 1912; x_wconf 91' lang='lat' dir='ltr'>quidem</span> <span class='ocrx_word' id='word_1_102' title='bbox 1374 1833 1565 1914; x_wconf 89' lang='lat' dir='ltr'>pacis</span> <span class='ocrx_word' id='word_1_103' title='bbox 1627 1832 2050 1896; x_wconf 90' lang='lat' dir='ltr'>conditiones</span> <span class='ocrx_word' id='word_1_104' title='bbox 2105 1842 2551 1914; x_wconf 90' lang='lat' dir='ltr'>accepturum</span> 
     </span>
     <span class='ocr_line' id='line_1_14' title="bbox 346 1943 2549 2030; baseline 0.001 -24"><span class='ocrx_word' id='word_1_105' title='bbox 346 1943 563 2007; x_wconf 83' lang='lat' dir='ltr'>fuisse</span> <span class='ocrx_word' id='word_1_106' title='bbox 589 1995 603 2020; x_wconf 94' lang='lat'>,</span> <span class='ocrx_word' id='word_1_107' title='bbox 680 1947 804 2008; x_wconf 89' lang='lat' dir='ltr'>sed</span> <span class='ocrx_word' id='word_1_108' title='bbox 884 1948 1165 2011; x_wconf 89' lang='lat' dir='ltr'>consilio</span> <span class='ocrx_word' id='word_1_109' title='bbox 1247 1968 1369 2011; x_wconf 89' lang='lat' dir='ltr'>suo</span> <span class='ocrx_word' id='word_1_110' title='bbox 1445 1968 1692 2030; x_wconf 89' lang='lat' dir='ltr'>pacem</span> <span class='ocrx_word' id='word_1_111' title='bbox 1764 1968 2198 2029; x_wconf 90' lang='lat' dir='ltr'>nequaquam</span> <span class='ocrx_word' id='word_1_112' title='bbox 2272 1948 2549 2029; x_wconf 91' lang='lat' dir='ltr'>placere</span> 
     </span>
     <span class='ocr_line' id='line_1_15' title="bbox 355 2062 2547 2147; baseline 0.001 -25"><span class='ocrx_word' id='word_1_113' title='bbox 355 2062 785 2144; x_wconf 80' lang='lat' dir='ltr'>renuntianS,</span> <span class='ocrx_word' id='word_1_114' title='bbox 847 2063 943 2126; x_wconf 88' lang='lat' dir='ltr'>ita</span> <span class='ocrx_word' id='word_1_115' title='bbox 987 2063 1290 2127; x_wconf 90' lang='lat' dir='ltr'>inducias</span> <span class='ocrx_word' id='word_1_116' title='bbox 1334 2064 1541 2140; x_wconf 86' lang='lat' dir='ltr'>tollit,</span> <span class='ocrx_word' id='word_1_117' title='bbox 1595 2075 1673 2128; x_wconf 94' lang='lat' dir='ltr'>ut</span> <span class='ocrx_word' id='word_1_118' title='bbox 1688 2113 1704 2140; x_wconf 89' lang='lat'>,</span> <span class='ocrx_word' id='word_1_119' title='bbox 1753 2065 1848 2128; x_wconf 89' lang='lat' dir='ltr'>ait</span> <span class='ocrx_word' id='word_1_120' title='bbox 1893 2064 2128 2127; x_wconf 87' lang='lat' dir='ltr'>Livius</span> <span class='ocrx_word' id='word_1_121' title='bbox 2175 2063 2443 2147; x_wconf 88' lang='lat' dir='ltr'>(XXX.</span> <span class='ocrx_word' id='word_1_122' title='bbox 2492 2083 2547 2126; x_wconf 90' lang='lat' dir='ltr'>c.</span> 
     </span>
     <span class='ocr_line' id='line_1_16' title="bbox 355 2160 2548 2267; baseline 0.001 -28"><span class='ocrx_word' id='word_1_123' title='bbox 355 2177 419 2259; x_wconf 88' lang='lat'>4)</span> <span class='ocrx_word' id='word_1_124' title='bbox 483 2175 690 2240; x_wconf 78' lang='lat' dir='ltr'>libera</span> <span class='ocrx_word' id='word_1_125' title='bbox 730 2160 882 2265; x_wconf 71' lang='lat' dir='ltr'>fide</span> <span class='ocrx_word' id='word_1_126' title='bbox 941 2174 1217 2262; x_wconf 79' lang='lat' dir='ltr'>incepta</span> <span class='ocrx_word' id='word_1_127' title='bbox 1273 2190 1763 2261; x_wconf 82' lang='lat' dir='ltr'>exsequeretur</span> <span class='ocrx_word' id='word_1_128' title='bbox 1805 2182 2019 2267; x_wconf 84' lang='grc' dir='ltr'><em>(χάριν</em></span> <span class='ocrx_word' id='word_1_129' title='bbox 2068 2184 2181 2243; x_wconf 83' lang='grc' dir='ltr'>τοῦ</span> <span class='ocrx_word' id='word_1_130' title='bbox 2227 2185 2310 2261; x_wconf 84' lang='grc' dir='ltr'>μὴ</span> <span class='ocrx_word' id='word_1_131' title='bbox 2363 2177 2548 2252; x_wconf 84' lang='grc' dir='ltr'><strong><em>δόξαι</em></strong></span> 
     </span>
     <span class='ocr_line' id='line_1_17' title="bbox 354 2294 2548 2379; baseline 0.001 -23"><span class='ocrx_word' id='word_1_132' title='bbox 354 2294 847 2376; x_wconf 77' lang='grc' dir='ltr'><em>παρασπονδεῖν</em></span> <span class='ocrx_word' id='word_1_133' title='bbox 910 2295 985 2359; x_wconf 93' lang='grc' dir='ltr'>Ρ.</span> <span class='ocrx_word' id='word_1_134' title='bbox 1047 2295 1243 2360; x_wconf 88' lang='lat' dir='ltr'><strong>XIV.</strong></span> <span class='ocrx_word' id='word_1_135' title='bbox 1312 2318 1343 2358; x_wconf 90' lang='lat'>2</span> <span class='ocrx_word' id='word_1_136' title='bbox 1404 2302 1435 2374; x_wconf 67' lang='lat' dir='ltr'>g</span> <span class='ocrx_word' id='word_1_137' title='bbox 1493 2297 1622 2378; x_wconf 91' lang='lat'>12);</span> <span class='ocrx_word' id='word_1_138' title='bbox 1671 2307 1743 2360; x_wconf 91' lang='lat' dir='ltr'>et</span> <span class='ocrx_word' id='word_1_139' title='bbox 1786 2298 2104 2379; x_wconf 85' lang='lat' dir='ltr'>proxima</span> <span class='ocrx_word' id='word_1_140' title='bbox 2147 2306 2349 2359; x_wconf 92' lang='lat' dir='ltr'>nocte</span> <span class='ocrx_word' id='word_1_141' title='bbox 2396 2316 2548 2378; x_wconf 94' lang='lat' dir='ltr'>pro-</span> 
     </span>
     <span class='ocr_line' id='line_1_18' title="bbox 353 2407 2548 2495; baseline 0.001 -24"><span class='ocrx_word' id='word_1_142' title='bbox 353 2407 575 2473; x_wconf 90' lang='lat' dir='ltr'>fectus</span> <span class='ocrx_word' id='word_1_143' title='bbox 621 2421 906 2493; x_wconf 91' lang='lat' dir='ltr'>utraque</span> <span class='ocrx_word' id='word_1_144' title='bbox 953 2422 1176 2475; x_wconf 86' lang='lat' dir='ltr'>castra</span> <span class='ocrx_word' id='word_1_145' title='bbox 1221 2413 1383 2495; x_wconf 85' lang='lat' dir='ltr'>igne</span> <span class='ocrx_word' id='word_1_146' title='bbox 1432 2413 1705 2476; x_wconf 87' lang='lat' dir='ltr'>delevit.</span> <span class='ocrx_word' id='word_1_147' title='bbox 1777 2413 1978 2476; x_wconf 89' lang='lat' dir='ltr'>Hanc</span> <span class='ocrx_word' id='word_1_148' title='bbox 2030 2413 2296 2476; x_wconf 89' lang='lat' dir='ltr'>cladem</span> <span class='ocrx_word' id='word_1_149' title='bbox 2321 2422 2548 2475; x_wconf 90' lang='lat' dir='ltr'>autem</span> 
     </span>
     <span class='ocr_line' id='line_1_19' title="bbox 353 2525 2546 2612; baseline 0.001 -24"><span class='ocrx_word' id='word_1_150' title='bbox 353 2525 687 2607; x_wconf 91' lang='lat' dir='ltr'>Polybius</span> <span class='ocrx_word' id='word_1_151' title='bbox 754 2528 1228 2610; x_wconf 87' lang='lat' dir='ltr'>gravissimam</span> <span class='ocrx_word' id='word_1_152' title='bbox 1295 2528 1501 2592; x_wconf 82' lang='lat' dir='ltr'>fuisse</span> <span class='ocrx_word' id='word_1_153' title='bbox 1570 2530 1780 2593; x_wconf 87' lang='lat' dir='ltr'>tradit</span> <span class='ocrx_word' id='word_1_154' title='bbox 1848 2527 2172 2611; x_wconf 75' lang='grc' dir='ltr'><strong><em>(μυριάδες</em></strong></span> <span class='ocrx_word' id='word_1_155' title='bbox 2242 2527 2502 2612; x_wconf 75' lang='grc' dir='ltr'><em>ἀνδρῶν</em></span> <span class='ocrx_word' id='word_1_156' title='bbox 2527 2578 2546 2607; x_wconf 92' lang='grc'>,</span> 
     </span>
     <span class='ocr_line' id='line_1_20' title="bbox 354 2642 2550 2727; baseline 0 -21"><span class='ocrx_word' id='word_1_157' title='bbox 354 2647 615 2718; x_wconf 74' lang='grc' dir='ltr'><em>ἵππων,</em></span> <span class='ocrx_word' id='word_1_158' title='bbox 666 2644 1038 2723; x_wconf 77' lang='grc' dir='ltr'><em>ὑποζυγίων</em></span> <span class='ocrx_word' id='word_1_159' title='bbox 1088 2642 1529 2727; x_wconf 69' lang='grc' dir='ltr'><em>ἀπώλλυντο),</em></span> <span class='ocrx_word' id='word_1_160' title='bbox 1578 2646 1701 2708; x_wconf 88' lang='lat' dir='ltr'>sed</span> <span class='ocrx_word' id='word_1_161' title='bbox 1747 2645 1954 2709; x_wconf 89' lang='lat' dir='ltr'>etiam</span> <span class='ocrx_word' id='word_1_162' title='bbox 1999 2645 2238 2708; x_wconf 89' lang='lat' dir='ltr'>laudes</span> <span class='ocrx_word' id='word_1_163' title='bbox 2286 2642 2550 2725; x_wconf 91' lang='lat' dir='ltr'>Scipio-</span> 
     </span>
     <span class='ocr_line' id='line_1_21' title="bbox 353 2759 2547 2844; baseline 0 -23"><span class='ocrx_word' id='word_1_164' title='bbox 353 2759 462 2821; x_wconf 86' lang='lat' dir='ltr'>nis</span> <span class='ocrx_word' id='word_1_165' title='bbox 522 2761 611 2823; x_wconf 95' lang='lat' dir='ltr'>ob</span> <span class='ocrx_word' id='word_1_166' title='bbox 672 2760 846 2824; x_wconf 92' lang='lat' dir='ltr'>hanc</span> <span class='ocrx_word' id='word_1_167' title='bbox 909 2782 1053 2824; x_wconf 94' lang='lat' dir='ltr'>rem</span> <span class='ocrx_word' id='word_1_168' title='bbox 1113 2762 1183 2824; x_wconf 93' lang='lat' dir='ltr'>in</span> <span class='ocrx_word' id='word_1_169' title='bbox 1245 2762 1647 2825; x_wconf 88' lang='lat' dir='ltr'>immensum</span> <span class='ocrx_word' id='word_1_170' title='bbox 1696 2772 1938 2844; x_wconf 89' lang='lat' dir='ltr'>auget;</span> <span class='ocrx_word' id='word_1_171' title='bbox 1987 2762 2153 2824; x_wconf 92' lang='lat' dir='ltr'>nihil</span> <span class='ocrx_word' id='word_1_172' title='bbox 2202 2762 2386 2842; x_wconf 94' lang='lat' dir='ltr'>quod</span> <span class='ocrx_word' id='word_1_173' title='bbox 2429 2781 2547 2822; x_wconf 91' lang='lat' dir='ltr'>un-</span> 
     </span>
     <span class='ocr_line' id='line_1_22' title="bbox 357 2874 2549 2959; baseline 0.002 -23"><span class='ocrx_word' id='word_1_174' title='bbox 357 2895 586 2956; x_wconf 89' lang='lat' dir='ltr'>quam·</span> <span class='ocrx_word' id='word_1_175' title='bbox 631 2874 885 2940; x_wconf 91' lang='lat' dir='ltr'>factum</span> <span class='ocrx_word' id='word_1_176' title='bbox 945 2888 1081 2953; x_wconf 90' lang='lat' dir='ltr'>est,</span> <span class='ocrx_word' id='word_1_177' title='bbox 1143 2878 1267 2953; x_wconf 91' lang='lat' dir='ltr'>ait,</span> <span class='ocrx_word' id='word_1_178' title='bbox 1333 2898 1487 2941; x_wconf 89' lang='lat' dir='ltr'>cum</span> <span class='ocrx_word' id='word_1_179' title='bbox 1516 2877 1676 2941; x_wconf 71' lang='lat' dir='ltr'>‘hac</span> <span class='ocrx_word' id='word_1_180' title='bbox 1741 2899 1814 2941; x_wconf 89' lang='lat' dir='ltr'>re</span> <span class='ocrx_word' id='word_1_181' title='bbox 1861 2877 2242 2959; x_wconf 90' lang='lat' dir='ltr'>comparari</span> <span class='ocrx_word' id='word_1_182' title='bbox 2289 2886 2549 2958; x_wconf 90' lang='lat' dir='ltr'>potest;</span> 
     </span>
     <span class='ocr_line' id='line_1_23' title="bbox 358 2989 2549 3075; baseline 0 -20"><span class='ocrx_word' id='word_1_183' title='bbox 358 2989 592 3072; x_wconf 90' lang='lat' dir='ltr'>Scipio</span> <span class='ocrx_word' id='word_1_184' title='bbox 651 3013 998 3074; x_wconf 92' lang='lat' dir='ltr'>nunquam</span> <span class='ocrx_word' id='word_1_185' title='bbox 1058 3014 1204 3056; x_wconf 93' lang='lat' dir='ltr'>rem</span> <span class='ocrx_word' id='word_1_186' title='bbox 1267 3003 1406 3056; x_wconf 91' lang='lat' dir='ltr'>tam</span> <span class='ocrx_word' id='word_1_187' title='bbox 1467 2994 1942 3057; x_wconf 88' lang='lat' dir='ltr'>admirabilem</span> <span class='ocrx_word' id='word_1_188' title='bbox 1998 2993 2285 3075; x_wconf 89' lang='lat' dir='ltr'>perfecit</span> <span class='ocrx_word' id='word_1_189' title='bbox 2331 2992 2549 3075; x_wconf 90' lang='lat' dir='ltr'>(XIV.</span> 
     </span>
     <span class='ocr_line' id='line_1_24' title="bbox 358 3106 2542 3190; baseline 0.001 -22"><span class='ocrx_word' id='word_1_190' title='bbox 358 3127 416 3169; x_wconf 91' lang='lat' dir='ltr'>c.</span> <span class='ocrx_word' id='word_1_191' title='bbox 482 3126 517 3184; x_wconf 87' lang='lat'>5</span> <span class='ocrx_word' id='word_1_192' title='bbox 582 3112 612 3183; x_wconf 66' lang='lat'>5</span> <span class='ocrx_word' id='word_1_193' title='bbox 669 3107 783 3188; x_wconf 89' lang='lat'>15).</span> <span class='ocrx_word' id='word_1_194' title='bbox 874 3107 1208 3189; x_wconf 91' lang='lat' dir='ltr'>Equidem</span> <span class='ocrx_word' id='word_1_195' title='bbox 1255 3119 1533 3185; x_wconf 79' lang='lat' dir='ltr'>cen&#39;seO,</span> <span class='ocrx_word' id='word_1_196' title='bbox 1579 3109 1755 3173; x_wconf 90' lang='lat' dir='ltr'>hanc</span> <span class='ocrx_word' id='word_1_197' title='bbox 1803 3107 2142 3189; x_wconf 89' lang='lat' dir='ltr'>Scipionis</span> <span class='ocrx_word' id='word_1_198' title='bbox 2187 3106 2542 3190; x_wconf 86' lang='lat' dir='ltr'>perfidiam</span> 
     </span>
     <span class='ocr_line' id='line_1_25' title="bbox 356 3208 2551 3306; baseline -0.001 -20"><span class='ocrx_word' id='word_1_199' title='bbox 356 3231 551 3286; x_wconf 88' lang='lat' dir='ltr'>tanta</span> <span class='ocrx_word' id='word_1_200' title='bbox 594 3222 798 3285; x_wconf 93' lang='lat' dir='ltr'>laude</span> <span class='ocrx_word' id='word_1_201' title='bbox 842 3223 1192 3306; x_wconf 84' lang='lat' dir='ltr'>indignam</span> <span class='ocrx_word' id='word_1_202' title='bbox 1238 3244 1416 3305; x_wconf 81' lang='lat' dir='ltr'>esse3</span> <span class='ocrx_word' id='word_1_203' title='bbox 1465 3245 1574 3288; x_wconf 91' lang='lat' dir='ltr'>res</span> <span class='ocrx_word' id='word_1_204' title='bbox 1622 3208 1887 3288; x_wconf 86' lang='lat' dir='ltr'>tantum</span> <span class='ocrx_word' id='word_1_205' title='bbox 1917 3224 2205 3288; x_wconf 88' lang='lat' dir='ltr'>fortasse</span> <span class='ocrx_word' id='word_1_206' title='bbox 2239 3223 2551 3287; x_wconf 88' lang='lat' dir='ltr'>excusari</span> 
     </span>
    </p>
   </div>
   <div class='ocr_carea' id='block_1_3' title="bbox 374 3402 738 3410">
    <p class='ocr_par' dir='ltr' id='par_1_3' title="bbox 374 3402 738 3410">
     <span class='ocr_line' id='line_1_26' title="bbox 374 3402 738 3410; baseline 0 0"><span class='ocrx_word' id='word_1_207' title='bbox 374 3402 738 3410; x_wconf 95' lang='lat' dir='ltr'> </span> 
     </span>
    </p>
   </div>
   <div class='ocr_carea' id='block_1_4' title="bbox 355 3510 2553 3589">
    <p class='ocr_par' dir='ltr' id='par_1_4' title="bbox 355 3510 2553 3589">
     <span class='ocr_line' id='line_1_27' title="bbox 355 3510 2553 3589; baseline -0.001 -19"><span class='ocrx_word' id='word_1_208' title='bbox 355 3510 649 3589; x_wconf 90' lang='lat' dir='ltr'>Scipionis</span> <span class='ocrx_word' id='word_1_209' title='bbox 691 3511 909 3589; x_wconf 88' lang='lat' dir='ltr'>gloriae</span> <span class='ocrx_word' id='word_1_210' title='bbox 950 3511 1315 3586; x_wconf 89' lang='lat' dir='ltr'>inviderent,</span> <span class='ocrx_word' id='word_1_211' title='bbox 1358 3522 1419 3572; x_wconf 90' lang='lat' dir='ltr'>et</span> <span class='ocrx_word' id='word_1_212' title='bbox 1459 3511 1634 3572; x_wconf 89' lang='lat' dir='ltr'>variis</span> <span class='ocrx_word' id='word_1_213' title='bbox 1677 3511 2184 3572; x_wconf 86' lang='lat' dir='ltr'>criminationibus</span> <span class='ocrx_word' id='word_1_214' title='bbox 2216 3531 2354 3571; x_wconf 88' lang='lat' dir='ltr'>eum</span> <span class='ocrx_word' id='word_1_215' title='bbox 2381 3529 2553 3570; x_wconf 83' lang='lat' dir='ltr'>vexa-</span> 
     </span>
    </p>
   </div>
   <div class='ocr_carea' id='block_1_5' title="bbox 354 3608 2583 3794">
    <p class='ocr_par' dir='ltr' id='par_1_5' title="bbox 354 3608 2583 3794">
     <span class='ocr_line' id='line_1_28' title="bbox 354 3608 2557 3690; baseline -0.002 -20"><span class='ocrx_word' id='word_1_216' title='bbox 354 3621 488 3670; x_wconf 90' lang='lat' dir='ltr'>rent</span> <span class='ocrx_word' id='word_1_217' title='bbox 507 3658 521 3686; x_wconf 91' lang='lat'>,</span> <span class='ocrx_word' id='word_1_218' title='bbox 588 3621 836 3689; x_wconf 88' lang='lat' dir='ltr'>apparet</span> <span class='ocrx_word' id='word_1_219' title='bbox 892 3611 1071 3671; x_wconf 88' lang='lat' dir='ltr'>etiam</span> <span class='ocrx_word' id='word_1_220' title='bbox 1130 3631 1163 3671; x_wconf 89' lang='lat' dir='ltr'>e</span> <span class='ocrx_word' id='word_1_221' title='bbox 1220 3611 1414 3672; x_wconf 89' lang='lat' dir='ltr'>verbis</span> <span class='ocrx_word' id='word_1_222' title='bbox 1458 3631 1611 3689; x_wconf 87' lang='lat' dir='ltr'>quae</span> <span class='ocrx_word' id='word_1_223' title='bbox 1652 3611 1990 3690; x_wconf 88' lang='lat' dir='ltr'>Scipionem</span> <span class='ocrx_word' id='word_1_224' title='bbox 2031 3613 2373 3689; x_wconf 89' lang='lat' dir='ltr'>loquentem</span> <span class='ocrx_word' id='word_1_225' title='bbox 2415 3608 2557 3668; x_wconf 89' lang='lat' dir='ltr'>facit</span> 
     </span>
     <span class='ocr_line' id='line_1_29' title="bbox 355 3704 2583 3794; baseline -0.002 -24"><span class='ocrx_word' id='word_1_226' title='bbox 355 3704 638 3790; x_wconf 90' lang='lat' dir='ltr'>Polybius</span> <span class='ocrx_word' id='word_1_227' title='bbox 700 3712 829 3794; x_wconf 88' lang='lat' dir='ltr'><strong>(XI.</strong></span> <span class='ocrx_word' id='word_1_228' title='bbox 890 3732 962 3789; x_wconf 84' lang='lat'>31</span> <span class='ocrx_word' id='word_1_229' title='bbox 1022 3719 1050 3784; x_wconf 78' lang='lat'>§</span> <span class='ocrx_word' id='word_1_230' title='bbox 1094 3711 1185 3793; x_wconf 86' lang='lat'>6):</span> <span class='ocrx_word' id='word_1_231' title='bbox 1251 3711 1449 3789; x_wconf 88' lang='lat' dir='ltr'>Scipio</span> <span class='ocrx_word' id='word_1_232' title='bbox 1490 3712 1742 3772; x_wconf 84' lang='lat' dir='ltr'>Indebili</span> <span class='ocrx_word' id='word_1_233' title='bbox 1782 3714 2003 3773; x_wconf 91' lang='lat' dir='ltr'>bellum</span> <span class='ocrx_word' id='word_1_234' title='bbox 2043 3711 2331 3771; x_wconf 89' lang='lat' dir='ltr'>inlaturus</span> <span class='ocrx_word' id='word_1_235' title='bbox 2374 3708 2456 3768; x_wconf 89' lang='lat' dir='ltr'>ait</span> <span class='ocrx_word' id='word_1_236' title='bbox 2496 3727 2583 3767; x_wconf 57' lang='lat' dir='ltr'>se&gt;</span> 
     </span>
    </p>
   </div>
   <div class='ocr_carea' id='block_1_6' title="bbox 253 3802 2555 3885">
    <p class='ocr_par' dir='ltr' id='par_1_6' title="bbox 253 3802 2555 3885">
     <span class='ocr_line' id='line_1_30' title="bbox 253 3802 2555 3885; baseline -0.002 -15"><span class='ocrx_word' id='word_1_237' title='bbox 253 3802 258 3806; x_wconf 40' lang='lat'><strong>⁴</strong></span> <span class='ocrx_word' id='word_1_238' title='bbox 351 3810 567 3871; x_wconf 90' lang='lat' dir='ltr'>milites</span> <span class='ocrx_word' id='word_1_239' title='bbox 631 3813 939 3872; x_wconf 89' lang='lat' dir='ltr'>Romanos</span> <span class='ocrx_word' id='word_1_240' title='bbox 1009 3821 1220 3871; x_wconf 88' lang='lat' dir='ltr'>contra</span> <span class='ocrx_word' id='word_1_241' title='bbox 1280 3831 1418 3871; x_wconf 88' lang='lat' dir='ltr'>eum</span> <span class='ocrx_word' id='word_1_242' title='bbox 1468 3812 1803 3871; x_wconf 87' lang='lat' dir='ltr'>ducturum</span> <span class='ocrx_word' id='word_1_243' title='bbox 1867 3832 1993 3873; x_wconf 89' lang='lat' dir='ltr'>esse</span> <span class='ocrx_word' id='word_1_244' title='bbox 2011 3859 2025 3885; x_wconf 94' lang='lat'>‚</span> <span class='ocrx_word' id='word_1_245' title='bbox 2087 3831 2207 3871; x_wconf 92' lang='lat' dir='ltr'>non</span> <span class='ocrx_word' id='word_1_246' title='bbox 2269 3806 2555 3870; x_wconf 88' lang='lat' dir='ltr'>adsumtis</span> 
     </span>
    </p>
   </div>
   <div class='ocr_carea' id='block_1_7' title="bbox 352 3909 2557 4506">
    <p class='ocr_par' dir='ltr' id='par_1_7' title="bbox 352 3909 2557 4172">
     <span class='ocr_line' id='line_1_31' title="bbox 352 3909 2557 3992; baseline -0.001 -22"><span class='ocrx_word' id='word_1_247' title='bbox 352 3909 530 3971; x_wconf 75' lang='lat' dir='ltr'>sociis</span> <span class='ocrx_word' id='word_1_248' title='bbox 572 3910 857 3990; x_wconf 82' lang='lat' dir='ltr'>Hispanis</span> <span class='ocrx_word' id='word_1_249' title='bbox 875 3958 890 3986; x_wconf 91' lang='lat'>‚</span> <span class='ocrx_word' id='word_1_250' title='bbox 928 3918 1011 3972; x_wconf 81' lang='grc' dir='ltr'>ἵνα</span> <span class='ocrx_word' id='word_1_251' title='bbox 1046 3915 1254 3992; x_wconf 79' lang='grc' dir='ltr'>φανερὸν</span> <span class='ocrx_word' id='word_1_252' title='bbox 1280 3921 1493 3991; x_wconf 76' lang='grc' dir='ltr'><em>γένηται</em></span> <span class='ocrx_word' id='word_1_253' title='bbox 1516 3923 1703 3986; x_wconf 82' lang='grc' dir='ltr'><em>πᾶσιν,</em></span> <span class='ocrx_word' id='word_1_254' title='bbox 1731 3918 1799 3980; x_wconf 83' lang='grc' dir='ltr'>ὡς</span> <span class='ocrx_word' id='word_1_255' title='bbox 1823 3919 1914 3973; x_wconf 83' lang='grc' dir='ltr'>οὐκ</span> <span class='ocrx_word' id='word_1_256' title='bbox 1927 3910 2141 3992; x_wconf 78' lang='grc' dir='ltr'>Ἴβηρσι</span> <span class='ocrx_word' id='word_1_257' title='bbox 2166 3913 2557 3991; x_wconf 77' lang='grc' dir='ltr'><em>Καρχηδονίους</em></span> 
     </span>
     <span class='ocr_line' id='line_1_32' title="bbox 353 4006 2557 4092; baseline -0.003 -20"><span class='ocrx_word' id='word_1_258' title='bbox 353 4017 938 4092; x_wconf 81' lang='grc' dir='ltr'><em>καταπολεμησάμενοι,</em></span> <span class='ocrx_word' id='word_1_259' title='bbox 1005 4010 1323 4089; x_wconf 66' lang='grc' dir='ltr'>κοιθάπερ</span> <span class='ocrx_word' id='word_1_260' title='bbox 1374 4014 1543 4071; x_wconf 80' lang='grc' dir='ltr'>ἔνιοί</span> <span class='ocrx_word' id='word_1_261' title='bbox 1587 4028 1819 4090; x_wconf 64' lang='grc' dir='ltr'><em>φασιν,</em></span> <span class='ocrx_word' id='word_1_262' title='bbox 1871 4014 2177 4090; x_wconf 80' lang='grc' dir='ltr'><em>ἐξεβάλομεν</em></span> <span class='ocrx_word' id='word_1_263' title='bbox 2225 4014 2280 4079; x_wconf 84' lang='grc' dir='ltr'>ἐξ</span> <span class='ocrx_word' id='word_1_264' title='bbox 2326 4006 2557 4087; x_wconf 79' lang='grc' dir='ltr'><strong>Ἰβηρίας</strong></span> 
     </span>
     <span class='ocr_line' id='line_1_33' title="bbox 355 4114 602 4172; baseline -0.008 0"><span class='ocrx_word' id='word_1_265' title='bbox 355 4138 411 4172; x_wconf 83' lang='grc' dir='ltr'>κ.</span> <span class='ocrx_word' id='word_1_266' title='bbox 451 4136 504 4171; x_wconf 89' lang='grc' dir='ltr'>τ.</span> <span class='ocrx_word' id='word_1_267' title='bbox 549 4114 602 4170; x_wconf 80' lang='grc' dir='ltr'>λ.</span> 
     </span>
    </p>

    <p class='ocr_par' dir='ltr' id='par_1_8' title="bbox 356 4203 2551 4506">
     <span class='ocr_line' id='line_1_34' title="bbox 452 4203 2550 4291; baseline -0.003 -22"><span class='ocrx_word' id='word_1_268' title='bbox 452 4208 494 4291; x_wconf 93' lang='lat'>¹)</span> <span class='ocrx_word' id='word_1_269' title='bbox 536 4211 666 4268; x_wconf 82' lang='lat' dir='ltr'>Has</span> <span class='ocrx_word' id='word_1_270' title='bbox 707 4206 1080 4287; x_wconf 88' lang='lat' dir='ltr'>conditiones</span> <span class='ocrx_word' id='word_1_271' title='bbox 1121 4208 1361 4268; x_wconf 88' lang='lat' dir='ltr'>easdem</span> <span class='ocrx_word' id='word_1_272' title='bbox 1400 4207 1622 4269; x_wconf 83' lang='lat' dir='ltr'>habent</span> <span class='ocrx_word' id='word_1_273' title='bbox 1662 4209 1789 4268; x_wconf 88' lang='lat' dir='ltr'>Pol.</span> <span class='ocrx_word' id='word_1_274' title='bbox 1831 4208 1996 4266; x_wconf 86' lang='lat' dir='ltr'>XIV.</span> <span class='ocrx_word' id='word_1_275' title='bbox 2045 4226 2096 4264; x_wconf 90' lang='lat'>1.</span> <span class='ocrx_word' id='word_1_276' title='bbox 2141 4227 2176 4282; x_wconf 90' lang='lat'><strong>9</strong></span> <span class='ocrx_word' id='word_1_277' title='bbox 2207 4215 2269 4265; x_wconf 88' lang='lat' dir='ltr'>et</span> <span class='ocrx_word' id='word_1_278' title='bbox 2290 4203 2550 4281; x_wconf 85' lang='lat' dir='ltr'>Appian.</span> 
     </span>
     <span class='ocr_line' id='line_1_35' title="bbox 356 4304 2551 4387; baseline -0.003 -18"><span class='ocrx_word' id='word_1_279' title='bbox 356 4307 587 4387; x_wconf 88' lang='lat' dir='ltr'>Libyca</span> <span class='ocrx_word' id='word_1_280' title='bbox 647 4327 673 4367; x_wconf 94' lang='lat'>1</span> <span class='ocrx_word' id='word_1_281' title='bbox 687 4325 717 4384; x_wconf 90' lang='lat'><strong>7</strong></span> <span class='ocrx_word' id='word_1_282' title='bbox 736 4354 752 4384; x_wconf 91' lang='lat'>‚</span> <span class='ocrx_word' id='word_1_283' title='bbox 808 4307 1096 4369; x_wconf 89' lang='lat' dir='ltr'>Romanis</span> <span class='ocrx_word' id='word_1_284' title='bbox 1152 4327 1227 4367; x_wconf 88' lang='lat' dir='ltr'>ex</span> <span class='ocrx_word' id='word_1_285' title='bbox 1281 4307 1487 4367; x_wconf 86' lang='lat' dir='ltr'>Africa</span> <span class='ocrx_word' id='word_1_286' title='bbox 1502 4354 1517 4382; x_wconf 88' lang='lat'>‚</span> <span class='ocrx_word' id='word_1_287' title='bbox 1560 4307 1774 4368; x_wconf 90' lang='lat' dir='ltr'>Poenis</span> <span class='ocrx_word' id='word_1_288' title='bbox 1815 4327 1887 4366; x_wconf 85' lang='lat' dir='ltr'>ex</span> <span class='ocrx_word' id='word_1_289' title='bbox 1929 4304 2098 4365; x_wconf 86' lang='lat' dir='ltr'>Italia</span> <span class='ocrx_word' id='word_1_290' title='bbox 2137 4304 2551 4364; x_wconf 87' lang='lat' dir='ltr'>decedendum</span> 
     </span>
     <span class='ocr_line' id='line_1_36' title="bbox 357 4404 2468 4506; baseline -0.002 -38"><span class='ocrx_word' id='word_1_291' title='bbox 357 4427 489 4506; x_wconf 70' lang='lat' dir='ltr'>esse</span> <span class='ocrx_word' id='word_1_292' title='bbox 504 4454 521 4484; x_wconf 87' lang='lat'>‚</span> <span class='ocrx_word' id='word_1_293' title='bbox 565 4425 718 4484; x_wconf 88' lang='lat' dir='ltr'>quae</span> <span class='ocrx_word' id='word_1_294' title='bbox 758 4407 820 4466; x_wconf 90' lang='lat' dir='ltr'>in</span> <span class='ocrx_word' id='word_1_295' title='bbox 861 4405 1062 4467; x_wconf 91' lang='lat' dir='ltr'>medio</span> <span class='ocrx_word' id='word_1_296' title='bbox 1103 4405 1213 4466; x_wconf 87' lang='lat' dir='ltr'>sita</span> <span class='ocrx_word' id='word_1_297' title='bbox 1254 4418 1447 4466; x_wconf 88' lang='lat' dir='ltr'>essent</span> <span class='ocrx_word' id='word_1_298' title='bbox 1486 4404 1555 4466; x_wconf 90' lang='lat' dir='ltr'>iis</span> <span class='ocrx_word' id='word_1_299' title='bbox 1595 4405 1815 4466; x_wconf 88' lang='lat' dir='ltr'>remitti</span> <span class='ocrx_word' id='word_1_300' title='bbox 1855 4404 1959 4483; x_wconf 94' lang='lat' dir='ltr'>qui</span> <span class='ocrx_word' id='word_1_301' title='bbox 1998 4415 2142 4464; x_wconf 90' lang='lat' dir='ltr'>tunc</span> <span class='ocrx_word' id='word_1_302' title='bbox 2183 4414 2468 4464; x_wconf 90' lang='lat' dir='ltr'>tenerent.</span> 
     </span>
    </p>
   </div>
  </div>
 </body>
</html>
