3375 5084
1827 261 1951 333 248

804 446 1200 527 conscripsit
1265 446 1521 510 Aratus
1588 447 1709 530 (Pl.
1769 447 1948 529 Agis
2011 469 2065 511 o.
2132 448 2260 529 15),
2308 449 2469 511 satis
2516 456 2778 510 constat
2822 466 2979 509 eum

799 561 1049 624 idcirco
1109 571 1249 624 tam
1309 564 1534 626 subito
1581 564 1934 626 consilium
1979 564 2345 627 mutavisse
2390 565 2572 644 quod
2617 563 2980 625 amicitiam

794 676 1045 759 Agidis
1103 677 1230 739 viri
1293 678 1640 759 popularis
1698 679 1902 742 etiam
1947 680 2164 741 minus
2211 688 2426 742 tutam
2470 679 2599 741 sibi
2646 698 2794 740 esse
2838 698 2981 740 cre-

795 794 987 855 deret
1052 813 1255 875 quam
1325 814 1514 856 arma
1580 795 1989 858 Aetolorum
2039 791 2098 876 ¹).
2189 795 2496 858 Eandem
2556 795 2645 857 ob
2708 814 2981 857 causam

702 995 705 1000 Ι
793 928 1034 990 pacem
1092 930 1134 970 a
1189 908 1559 973 Cleomene
1606 911 1906 973 oblatam
1954 921 2024 974 et
2068 912 2202 973 iam
2248 910 2390 973 fere
2437 905 2791 992 acceptam
2817 885 2981 971 ⁴mu-

793 1033 937 1087 tato
997 1026 1278 1088 consilio
1323 1027 1661 1089 recusavit
1677 1075 1693 1100 ‚
1742 1037 1812 1090 et
1855 1026 2404 1109 Peloponnesum
2453 1026 2948 1090 Macedonibus
2969 1073 2983 1100 ‚

795 1161 965 1223 quos
1031 1141 1259 1223 longis
1336 1143 1878 1205 contentionibus
1945 1143 2179 1225 paullo
2248 1152 2406 1205 ante
2467 1143 2625 1205 inde
2685 1142 2956 1223 pulerat
2971 1189 2986 1215 ‚

793 1277 930 1319 non
987 1259 1205 1320 solum
1249 1257 1576 1339 patefecit
1592 1307 1607 1334 ,
1653 1261 1778 1322 sed
1824 1260 2029 1323 etiam
2074 1258 2267 1321 firmo
2312 1258 2590 1322 foedere
2637 1258 2987 1320 subiunxit

794 1373 914 1455 (Pl.
960 1372 1080 1435 Ar.
1128 1393 1183 1436 o.
1233 1394 1348 1451 45,
1393 1373 1470 1437 P.
1516 1373 1635 1437 IV.
1686 1397 1724 1454 9
1774 1380 1804 1451 ἓ
1853 1375 1931 1457 4).
2024 1374 2140 1440 Sic
2186 1395 2339 1438 cum
2386 1395 2593 1456 saepe
2642 1374 2866 1436 omnia
2917 1374 2990 1435 in

795 1488 1153 1551 discrimen
1220 1489 1518 1552 dedisset
1585 1499 1660 1552 ut
1728 1490 2043 1553 Athenas
2103 1492 2191 1553 ad
2254 1491 2654 1553 societatem
2714 1486 2989 1551 afferret

797 1604 917 1686 (Pl.
964 1603 1086 1666 Ar.
1134 1625 1188 1667 e.
1239 1603 1370 1685 33),
1427 1625 1547 1667 cur
1591 1626 1711 1668 eas
1756 1627 1813 1669 a.
1866 1627 1990 1686 229
2038 1607 2108 1669 in
2151 1605 2391 1669 foedus
2437 1606 2751 1687 accipere
2793 1605 2987 1666 nolu-

799 1720 924 1782 erit
977 1720 1157 1801 (ibid.
1205 1740 1259 1782 c.
1310 1720 1447 1801 34),
1494 1721 1681 1783 nullo
1727 1722 1931 1784 modo
1977 1722 2288 1803 intellegi
2333 1730 2564 1802 potest
2608 1720 2734 1782 nisi
2780 1729 2991 1783 statu·

800 1835 931 1897 eris
991 1835 1268 1916 plebem
1312 1833 1807 1899 Atheniensem
1851 1837 2124 1918 placido
2172 1836 2498 1918 obsequio
2545 1854 2786 1917 parum
2834 1854 2992 1898 con-

799 1960 1060 2013 suetam
1077 1999 1092 2025 ‚
1170 1951 1404 2032 lupum
1472 1952 1649 2015 inter
1715 1972 1881 2015 oves
1949 1951 2094 2015 fore
2163 1952 2226 2015 ei
2294 1952 2511 2014 visam
2581 1971 2731 2014 esse
2780 1949 2841 2031 ²).
2908 1987 2993 1994 —

801 2064 1163 2130 Societatis
1222 2068 1525 2130 instituta
1585 2087 1826 2149 parum
1871 2069 2066 2131 nobis
2110 2078 2274 2131 nota
2319 2077 2475 2131 sunt
2490 2090 2504 2142 ;
2551 2068 2675 2129 sed
2721 2067 2995 2148 aliquae

801 2182 999 2264 signa
1058 2182 1303 2244 adsunt
1364 2202 1539 2264 quae
1598 2183 1928 2259 indicant,
1993 2182 2279 2246 formam
2324 2183 2743 2264 reipublicae
2786 2181 2996 2244 fuisse

802 2275 1267 2382 τιμοκρὰτικὴν
1286 2324 1314 2372 ,·
1379 2300 1688 2362 novimus
1734 2320 1868 2382 quo
1913 2309 2222 2382 tempore
2268 2299 2764 2380 Philopoemen
2810 2299 2996 2381 equi-

803 2415 974 2478 tatui
1037 2411 1517 2495 praeficeretur
1534 2463 1549 2489 ‚
1612 2435 1731 2477 eos
1793 2416 1978 2478 cives
2025 2414 2486 2496 opulentiores
2533 2415 2648 2495 qui
2695 2414 3000 2495 equitum

805 2523 1144 2610 stipendia
1209 2539 1547 2592 mererent
1564 2578 1578 2604 ,
1639 2531 1710 2592 in
1772 2531 2079 2593 creandis
2135 2530 2564 2611 praetoribus
2608 2513 2730 2591 ⁴aut
2774 2527 3002 2590 omnia

772 2723 777 2726 ,
809 2654 926 2707 aut
1000 2644 1292 2726 plurima
1365 2643 1691 2727 suffragia
1764 2646 1997 2708 tulisse
2020 2694 2036 2719 ,
2115 2665 2484 2726 eorumque
2561 2645 2856 2726 gratiam
2933 2643 3003 2704 in

808 2759 1155 2825 Societate
1226 2780 1672 2843 permagnam
1742 2760 1950 2825 fuisse
1995 2759 2054 2842 ³).
2160 2761 2384 2824 Etiam
2453 2761 2575 2823 illa
2642 2761 3002 2842 opidorum

807 2880 1017 2958 ἰσότης
1038 2928 1053 2955 ,
1121 2898 1324 2960 quam
1382 2874 1711 2940 Societati
1756 2879 2099 2959 propriam
2143 2877 2348 2940 fuisse
2394 2878 2749 2960 praedicat
2794 2877 3001 2958 Poly-

811 2994 965 3055 bius
983 3041 997 3066 ‚
1046 3014 1088 3055 a
1133 2993 1666 3074 Philopoemene
1712 3003 1953 3074 postea
2000 2994 2275 3056 demum
2320 2992 2629 3074 perfecta
2675 3003 2780 3055 est
2817 2991 2881 3073 ⁴).

899 3109 1210 3172 Iamvero
1282 3130 1435 3172 cum
1502 3107 1703 3172 Arati
1772 3097 1975 3172 causa
2036 3119 2216 3172 esset
2277 3102 2483 3172 causa
2544 3110 2752 3172 medii
2820 3109 3004 3170 illius

812 3224 1059 3288 civium
1106 3225 1357 3286 ordinis
1374 3272 1388 3299 ‚
1437 3223 1841 3288 Cleomenes
1858 3273 1871 3299 ,
1919 3234 2078 3287 ante
2125 3245 2280 3287 eum
2326 3224 2535 3307 Agis,
2569 3225 2685 3287 alii
2714 3223 3005 3287 fortasse

809 3350 884 3403 ut
927 3340 1298 3422 LydiadeS‚
1331 3360 1706 3421 pauperum
1724 3389 1737 3415 ‚
1767 3341 1988 3421 plebis
2021 3361 2292 3403 causam
2317 3350 2780 3422 susceperunt.
2829 3341 3008 3403 Uter

810 3458 1108 3520 libertati
1184 3458 1405 3539 magis
1478 3456 1646 3520 favit
1671 3506 1685 3532 ,
1764 3456 2020 3520 Aratus
2094 3477 2183 3519 an
2259 3456 2708 3521 Cleomenes?
2801 3456 3010 3519 Haud

810 3571 1072 3634 facilius
1137 3572 1389 3634 dixeris
1449 3591 1651 3652 quam
1704 3571 1874 3634 illud
1890 3622 1904 3647 ,
1953 3572 2190 3636 Cicero
2238 3593 2325 3634 an
2372 3571 2625 3636 Cesar?
2670 3572 3005 3654 Polybius

813 3688 1088 3769 quidem
1156 3707 1300 3750 rem
1364 3687 1500 3749 iam
1564 3687 1727 3750 satis
1774 3688 2245 3751 diiudicavisse
2290 3689 2420 3750 sibi
2465 3688 2652 3751 visus
2700 3697 2806 3751 est
2852 3707 3007 3751 cum

901 3987 948 4069 ¹)
991 3988 1111 4048 Cfr.
1158 3989 1373 4066 Droys.
1417 4009 1475 4065 p.
1524 4008 1656 4066 391.

895 4084 945 4166 2)
989 4086 1110 4145 Cfr.
1151 4087 1242 4146 Id.
1286 4107 1346 4164 p.
1389 4090 1528 4160 460.

902 4181 950 4262 3)
990 4184 1142 4242 Plut.
1184 4184 1327 4242 Phil.
1373 4205 1425 4244 c.
1481 4202 1544 4258 7,
1580 4186 1695 4274 cfr.
1740 4187 1805 4242 P.
1848 4186 1924 4243 X.
1971 4206 2064 4244 22.
2109 4188 2144 4245 8
2189 4206 2316 4264 sqq.
2362 4197 2420 4247 et
2463 4189 2570 4245 Dr.
2616 4207 2678 4263 p.
2723 4190 2860 4260 461.

902 4279 951 4359 ⁴)
993 4282 1112 4339 Cfr.
1157 4284 1490 4360 Hertzberg
1531 4286 1574 4341 I.
1621 4304 1680 4360 p.
1733 4284 1844 4360 158
1888 4302 1974 4359 sq.
