3375 5084
1433 383 1510 452 35

381 573 528 633 tur?
598 570 862 651 Nempe
909 569 1276 652 Polybium
1323 590 1479 632 eum
1525 569 1784 633 fontem
1829 535 1957 633 sibi
2005 571 2299 653 elegisse
2318 620 2332 646 ‚
2366 593 2404 634 e
2436 593 2572 654 quo

381 707 603 749 omnes
662 706 772 749 res
837 684 1192 749 Gallorum
1255 706 1674 769 cognoscere
1737 697 2001 768 posset,
2069 688 2185 769 qui
2233 688 2437 751 etiam
2484 689 2571 750 de

379 802 525 865 aliis
572 802 776 865 bellis
823 799 1110 865 Gallicis
1153 801 1330 883 (anni
1378 822 1535 880 390,
1583 801 1742 863 anni
1792 800 1939 882 225)
1986 802 2169 883 quod
2200 801 2363 864 satis
2387 810 2567 865 esset

376 920 698 993 traderet;
748 917 993 981 deinde
1040 918 1156 999 qui
1202 917 1398 979 brevi
1442 937 1550 980 res
1597 927 2025 999 percurreret
2070 927 2140 980 et
2186 918 2275 979 ad
2319 937 2565 999 propo-

375 1036 580 1098 situm
626 1055 821 1097 suum
868 1034 1252 1116 aptissimus
1301 1043 1462 1096 erat.
1555 1031 1698 1097 Sed
1742 1033 1959 1118 ,etiam
2006 1054 2096 1096 ex
2141 1033 2221 1096 iis
2268 1033 2573 1115 sequitur

376 1172 533 1214 eum
579 1150 877 1233 elegisse
924 1160 1274 1213 auctorem
1314 1170 1518 1231 quem
1549 1150 1619 1212 in
1649 1151 1854 1212 rebus
1879 1149 2213 1212 Romanis
2240 1150 2571 1231 optimum

375 1278 444 1330 et
511 1265 647 1330 fide
718 1266 1190 1349 dignissimum
1253 1287 1403 1328 esse
1464 1276 1769 1347 putaret,
1832 1286 1990 1328 nam
2053 1276 2382 1347 quantum
2425 1263 2571 1328 fieri

375 1393 647 1465 poterat
705 1382 1054 1444 minimum
1114 1384 1389 1445 demere
1408 1431 1422 1456 ,
1484 1381 1652 1444 nihil
1713 1391 1976 1444 mutare
1995 1431 2010 1458 ‚
2067 1381 2236 1443 nihil
2284 1402 2374 1443 ex
2418 1380 2571 1444 aliis

372 1500 672 1563 fontibus
734 1501 987 1562 addere
1046 1499 1294 1574 voluit;
1357 1508 1573 1561 artem
1634 1498 1938 1561 criticam
2007 1498 2077 1560 in
2122 1497 2427 1580 singulis
2456 1498 2571 1559 ad·

374 1617 612 1679 hibere
658 1636 795 1678 non
842 1635 1093 1697 operae
1144 1615 1206 1677 ei
1252 1615 1633 1678 videbatur.
1725 1614 1921 1677 Haec
1969 1623 2198 1678 autem
2246 1614 2473 1681 omnia
2507 1614 2572 1676 ei

376 1733 712 1814 praebere
760 1741 1129 1813 potuerunt
1173 1731 1370 1794 Fabii
1417 1731 1712 1794 annales.
1782 1730 1850 1793 Is
1896 1730 2075 1793 enim
2119 1731 2313 1792 brevi
2357 1730 2571 1813 (κεφα-

372 1845 689 1929 λαιωδῶς)
735 1850 908 1911 haec
954 1858 1264 1929 tempora
1312 1846 1682 1922 enarravit;
1731 1847 1993 1910 bellum
2041 1844 2382 1910 Gallicum
2414 1847 2569 1908 anni

374 1984 497 2042 225
575 1964 782 2027 etiam
850 1963 1120 2046 plenius
1181 1940 1490 2037 tradidit,
1552 1982 1829 2044 prorsus
1889 1963 2134 2024 eodem
2179 1962 2384 2024 modo
2431 1982 2568 2043 quo

370 2080 719 2161 Polybius,
790 2079 1045 2142 Fabius
1092 2088 1320 2142 aetate
1366 2078 1641 2159 Polybii
1686 2076 2051 2141 fidissimus
2098 2086 2335 2141 auctor
2375 2088 2569 2160 puta-

367 2198 574 2259 batur
631 2195 766 2280 (cfr.
812 2196 863 2259 I.
922 2218 998 2273 14
1047 2201 1077 2272 ἓ
1135 2217 1200 2257 1:
1248 2196 1315 2270 ὃς
1368 2197 1803 2276 ἐμπειρότατα
1860 2192 2040 2260 δοκεῖ
2087 2197 2356 2277 γράφειν
2406 2196 2566 2277 ὑπὲρ

370 2311 601 2396 αὐτοῦ,
671 2313 712 2375 i.
783 2333 839 2375 e.
911 2313 997 2374 de
1065 2312 1254 2374 bello
1322 2312 1583 2374 Punico
1637 2309 1916 2395 prz'm0);
1979 2311 2213 2393 quanti
2265 2311 2570 2401 facerent

367 2429 693 2512 aequales
753 2427 1028 2510 Polybii
1074 2427 1272 2490 Fabii
1318 2428 1597 2491 annales
1644 2427 1851 2491 etiam
1899 2429 2103 2491 docet
2148 2426 2295 2491 Pol.
2343 2427 2463 2490 III.
2512 2447 2565 2490 e.

368 2568 407 2625 9
458 2551 490 2622 5
548 2565 732 2623 1—-5,
824 2544 1094 2607 Deinde
1155 2543 1354 2606 Fabii
1415 2544 1695 2607 annales
1764 2544 2158 2626 perlegerat
2202 2554 2568 2624 antequam

367 2662 711 2726 scribendi
771 2661 1034 2724 initium
1093 2660 1286 2736 fecit;
1350 2661 1406 2723 si
1462 2680 1701 2723 verum
1750 2670 1854 2723 est
1899 2680 2054 2722 eum
2099 2680 2236 2722 non
2278 2660 2566 2722 multum

373 2799 630 2861 operae
678 2778 945 2842 trivisse
992 2778 1062 2840 in
1106 2785 1387 2840 auctore
1436 2777 1757 2859 eligendo
1776 2825 1790 2851 ,
1824 2786 2084 2841 certum
2114 2776 2256 2840 fere
2283 2784 2387 2839 est
2410 2790 2567 2839 eum

366 2895 659 2957 Fabium
710 2893 1133 2976 praetulisse.
2485 2947 2490 2953 .

459 3009 602 3075 Sed
668 3010 976 3073 Niebuhr
1044 3018 1275 3073 censet
1341 3008 1709 3090 Polybium
1770 3009 1977 3072 etiam
2039 3009 2169 3071 hac
2229 3000 2301 3070 in
2368 3018 2563 3090 parte

373 3125 663 3203 „artem”
710 3127 1050 3207 quandam
1104 3124 1475 3201 „criticam”
1524 3125 1916 3188 adhibuisse
1935 3174 1950 3201 ‚
1998 3126 2121 3187 sed
2167 3145 2318 3187 eam
2360 3125 2563 3206 plane

363 3262 762 3326 perversam
823 3251 893 3306 et
954 3242 1351 3324 pessimam;
1409 3241 1671 3304 scilicet
1717 3241 2047 3323 Polybius
2093 3240 2310 3303 Fabio
2356 3240 2563 3304 fidem

363 3359 818 3422 recusavisset
832 3407 847 3434 ,
911 3359 1121 3421 alium
1181 3345 1530 3420 auctorem
1591 3357 2039 3438 quaesivisset
2056 3405 2070 3431 ‚
2129 3357 2243 3438 qui
2302 3356 2563 3438 aliquot

366 3477 692 3539 victorias
765 3475 1100 3539 Romanis
1178 3475 1583 3539 detraheret.
1700 3474 2003 3536 Primum
2081 3475 2214 3537 hoc
2290 3475 2562 3537 minime

364 3592 689 3657 convenit
758 3612 911 3654 cum
982 3591 1263 3655 consilio
1334 3591 1610 3672 Polybii
1628 3639 1642 3666 ,
1712 3592 1827 3673 q-ui
1898 3589 2180 3654 Graecis
2240 3590 2562 3652 virtutem
2668 3596 2672 3600 *

364 3710 841 3791 Romanorum
859 3756 874 3784 ‚
921 3706 1379 3815 i'nfirmitatem
1428 3706 1784 3772 Gallorum
1830 3709 2190 3770 ostendere
2235 3706 2557 3781 voluerit;

367 3826 425 3889 si
487 3826 730 3888 horum
789 3824 1129 3887 bellorum
1182 3824 1487 3906 pericula
1534 3823 2012 3902 imminuisset‚
2059 3843 2252 3885 suam
2297 3832 2563 3904 partem

366 3937 768 4005 debiliorem
835 3941 1128 4005 fecisset.
1220 3940 1489 4003 Deinde
1552 3962 1663 4003 me
1726 3940 1949 4003 iudice
1995 3938 2304 4001 Niebuhr
2349 3959 2560 4020 exag-

368 4059 640 4142 geravit
723 4078 806 4121 ea
874 4078 1051 4139 quae
1122 4058 1451 4139 Polybius
1521 4067 1757 4120 contra
1822 4056 2018 4118 Fabii
2087 4055 2561 4118 auctoritatem

368 4175 613 4238 attulit.
719 4173 1035 4256 Denique
1129 4174 1186 4237 si
1252 4175 1447 4237 Fabii
1514 4173 1788 4237 traditio
1859 4173 1945 4234 de
2013 4171 2216 4234 bellis
2278 4169 2597 4235 Gallicis·

261 4317 265 4322 ·
372 4293 547 4354 adeo
620 4291 1038 4373 discreparet
1106 4292 1194 4353 ab
1263 4292 1344 4353 iis
1404 4311 1580 4373 quae
1641 4291 1789 4372 ipse
1837 4290 1922 4352 de
1967 4289 2099 4350 hoc
2142 4287 2331 4350 bello
2379 4309 2558 4351 com-

372 4419 571 4491 perta
614 4409 939 4483 habebat,
986 4429 1122 4471 non
1167 4429 1364 4471 secus
1411 4418 1615 4493 atque
1645 4408 1716 4469 in
1743 4406 1946 4469 bellis
1968 4404 2244 4468 Punicis
2268 4405 2555 4491 Fabium
