3375 5084
1366 333 1486 393 129

340 525 588 583 41——45
656 506 1002 588 (Rhodani
1065 506 1403 587 transitus)
1465 516 1535 569 et
1586 507 1704 569 ΠΙ.
1758 528 1834 585 55
1888 518 2131 572 testem
2178 510 2522 574 oculatum

334 631 677 683 auctorem
737 620 944 683 fuisse
1008 623 1389 684 ostendunt.
1482 622 1699 703 Atqui
1759 644 1844 684 ne
1903 626 2141 686 credas
2197 646 2353 688 eum
2399 628 2524 689 has

330 755 433 797 res
497 756 539 798 a
600 737 759 798 vivo
824 756 905 799 ac
958 747 1320 817 praesente
1368 738 1643 800 auribus
1691 740 2040 820 accepisse
2085 750 2321 804 vetant
2368 762 2521 805 cum

330 850 473 931 ipsa
541 853 835 915 narratio
905 861 1050 914 tum
1117 852 1290 914 ratio
1359 853 1718 933 temporis;
1780 853 2112 935 Polybius
2172 865 2328 936 post
2401 877 2423 918 1
2441 877 2473 934 5
2492 879 2512 917 1

329 967 618 1048 scripsit,
674 988 911 1049 neque
980 978 1122 1031 tam
1182 969 1551 1051 diligenter
1610 989 1721 1032 res
1782 970 1940 1032 anni
2007 991 2038 1031 2
2057 976 2131 1033 18
2194 973 2523 1034 memoria

327 1085 652 1164 repetitae
698 1095 843 1148 tum
890 1086 953 1147 ei
999 1086 1176 1148 tradi
1220 1086 1601 1166 potuissent
1645 1082 1704 1163 ¹).
1774 1086 2061 1149 Praeter
2089 1089 2521 1152 traditionem

326 1199 774 1282 Polybianam
788 1251 802 1276 ‚
850 1203 1056 1266 etiam
1103 1203 1404 1265 eiusdem
1450 1204 1745 1265 auctoris
1790 1204 2087 1267 narratio
2122 1214 2315 1267 extat
2339 1207 2520 1286 apud

325 1315 590 1380 Livium
643 1319 685 1381 1.
733 1318 943 1382 XXI.
1011 1318 1171 1400 vQui
1217 1321 1305 1382 ab
1355 1339 1438 1382 eo
1485 1320 1801 1383 laudatur
1846 1321 1921 1403 (c.
1973 1320 2078 1401 38)
2123 1320 2197 1383 L.
2247 1320 2516 1383 Cincius

324 1431 709 1497 Alimentus
726 1483 739 1508 ,
801 1453 1209 1515 quamquam
1266 1454 1489 1497 rerum
1537 1435 1841 1516 aequalis
1885 1434 2012 1498 fuit
2027 1485 2041 1510 ‚
2090 1446 2160 1498 et
2206 1436 2515 1517 captivus

321 1548 386 1609 in
457 1550 693 1612 castris
759 1549 1166 1613 Hannibalis
1237 1552 1497 1633 degens
1565 1552 1780 1613 multa
1846 1561 2034 1614 recte
2097 1572 2515 1634 cognoscere

319 1666 541 1744 potuit
558 1715 572 1739 ‚
642 1667 798 1729 ideo
869 1686 1296 1730 communem
1367 1678 1714 1730 auctorem
1783 1688 1918 1729 non
1986 1688 2136 1730 esse
2197 1679 2485 1749 apparet
2502 1717 2517 1741 ‚

322 1784 505 1861 quod
572 1802 792 1864 neque
860 1784 1081 1846 itineri
1141 1784 1546 1847 Hannibalis
1607 1783 1897 1846 adfuerit
1913 1833 1926 1859 ,
1991 1804 2211 1865 neque
2276 1787 2516 1847 eadem

318 1897 524 1960 tradit
583 1919 759 1981 quae
822 1899 1170 1981 Polybius.
1261 1899 1565 1962 Eaedem
1627 1900 1923 1963 rationes
1978 1901 2343 1962 ostendunt
2388 1899 2515 1961 Fa-

315 2013 504 2075 bium
565 2025 913 2077 auctorem
958 2035 1094 2077 non
1139 2014 1361 2078 fuisse.
1452 2016 1512 2078 E
1560 2014 1842 2080 Graecis
1889 2015 2279 2078 auctoribus
2326 2015 2515 2077 Han-

315 2129 529 2191 nibali
575 2132 973 2211 aequalibus
1020 2131 1154 2194 duo
1202 2152 1356 2195 cum
1403 2153 1485 2194 eo
1532 2132 1601 2193 in
1646 2131 1885 2194 castris
1929 2130 2135 2193 fuisse
2180 2132 2513 2213 simulque

315 2245 573 2309 vixisse
635 2248 957 2329 quamdiu
1014 2247 1284 2310 fortuna
1343 2258 1692 2328 pateretur
1747 2248 1843 2310 ait
1886 2247 2120 2329 Nepos
2168 2247 2411 2329 (Hann.
2461 2269 2515 2311 c.

325 2385 345 2423 1
362 2361 461 2443 3),
517 2360 822 2426 Silenum
868 2373 937 2426 et
985 2361 1303 2445 Sosylum
1349 2363 1984 2427 Lacedaemonium.
2062 2364 2518 2426 Probabiliter

315 2487 545 2540 autem
593 2479 933 2542 coniciunt
978 2476 1285 2543 Silenum
1327 2481 1506 2542 hunc
1547 2478 1753 2541 fuisse
1787 2499 2215 2542 communem
2239 2479 2513 2560 Polybii

314 2592 627 2675 Liviique
674 2605 1023 2657 auctorem
1067 2595 1324 2658 itineris
1369 2616 1493 2676 per
1536 2595 1760 2677 Alpes
1806 2594 2003 2669 facti;
2051 2594 2284 2656 Livius
2334 2595 2515 2656 enim

311 2708 519 2771 XXI.
590 2731 645 2773 e.
714 2732 789 2772 22
858 2712 1190 2775 somnium
1250 2722 1478 2774 narrat
1539 2712 1949 2774 Hannibalis
2009 2731 2285 2793 prorsus
2332 2711 2515 2773 idem

313 2828 500 2906 quod
571 2826 809 2890 Cicero
878 2827 985 2909 (de
1047 2828 1248 2890 divin.
1311 2827 1363 2891 Ι.
1429 2828 1713 2909 24—49)
1776 2828 2125 2909 exposuit,
2184 2827 2298 2908 qui
2342 2827 2513 2889 haec

312 2942 717 3022 praemittit;
773 2944 940 3018 „hoc
986 2944 1166 3006 idem
1214 2945 1283 3006 in
1329 2941 1571 3018 Sileni,
1620 2964 1824 3026 quem
1870 2942 2142 3007 Caelius
2191 2943 2510 3023 sequitur,

313 3056 582 3121 Graeca
641 3058 926 3122 historia
976 3069 1110 3134 est;
1159 3060 1215 3122 is
1261 3070 1489 3122 autem
1536 3059 2053 3143 diligentissime
2098 3062 2209 3120 res
2254 3057 2510 3119 Hanni-

312 3173 493 3235 balis
563 3184 960 3255 persecutus
1033 3175 1187 3238 est.''
1275 3175 1515 3256 Itaque
1584 3176 1756 3238 haec
1827 3175 2065 3237 somnii
2132 3174 2403 3237 traditio
2472 3194 2515 3235 a

312 3287 550 3352 Sileno
619 3310 744 3371 per
814 3290 1027 3353 Coelii
1086 3291 1297 3353 libros
1355 3293 1442 3353 ad
1487 3291 1756 3353 Livium
1799 3290 2165 3353 defluxisse
2211 3290 2511 3352 videtur:

312 3407 604 3468 eandem
658 3407 1090 3469 traditionem
1135 3406 1466 3488 Polybius
1514 3409 1758 3486 eodem
1806 3417 2082 3502 auctore
2129 3405 2320 3468 novit
2365 3405 2508 3486 qui-

314 3523 477 3584 dem
499 3497 503 3501 4
522 3524 644 3584 sed
689 3533 764 3585 ut
809 3521 1050 3585 falsam
1098 3532 1167 3585 et
1210 3523 1491 3586 historia
1537 3524 1888 3606 indignam
1919 3523 2111 3586 reicit
2143 3522 2203 3604 ²).
2250 3521 2509 3582 Verum

399 3756 447 3837 ¹)
502 3759 621 3818 Cfr.
678 3759 741 3817 F.
801 3758 1083 3817 Bottcher
1103 3804 1116 3831 ,
1168 3757 1324 3816 Krit.
1369 3759 1607 3818 Unters.
1652 3770 1712 3816 u.
1757 3756 1855 3816 die
1899 3757 2146 3830 Quellen
2193 3756 2321 3819 desi
2341 3756 2402 3813 P.
2451 3773 2509 3811 11.

305 3860 358 3915 L
396 3878 412 3931 3
457 3858 825 3933 Jahrbucher
866 3876 985 3917 von
1029 3859 1107 3917 A.
1148 3856 1488 3917 Fleckeisen
1535 3864 1641 3935 5ter
1681 3856 2233 3934 Supplementband
2275 3856 2507 3925 1864—

313 3958 505 4032 18723
549 3978 608 4035 p.
656 3961 773 4034 356
819 3977 946 4034 sqq.

395 4053 446 4135 2)
487 4057 609 4116 ΡΟῙ.
657 4059 764 4117 III.
808 4076 859 4116 c.
907 4073 981 4132 47
1027 4063 1055 4127 ἓ
1097 4056 1133 4114 8
1179 4062 1330 4136 ,,ἇμα
1369 4060 1427 4118 δὲ
1453 4061 1811 4136 καταστροφὴν
1840 4061 1898 4115 οὐ
1927 4059 2201 4133 δυνάμενοι
2228 4056 2511 4132 λαμβάνειν

312 4154 427 4216 οὐδ’
494 4159 673 4228 ἔξοδον
741 4167 832 4217 τοῦ
898 4159 1141 4235 ψεύδους,
1198 4157 1402 4222 θὲοὺς
1447 4160 1534 4214 καὶ
1584 4162 1722 4215 θεῶν
1758 4157 1970 4235 παῖδας
2016 4158 2086 4219 εἰς
2139 4156 2507 4229 πραγματικὴν

311 4260 547 4333 ἱστορίαν
602 4263 1017 4333 παρειςάγουσιν.
1124 4252 1306 4311 Addo
1378 4251 1556 4310 etiam
1611 4250 1738 4309 Liv.
1795 4252 1958 4308 XXI.
2017 4269 2069 4307 C.
2129 4270 2167 4321 4
2229 4248 2308 4306 ad
2370 4247 2508 4307 Sile-

309 4372 458 4411 num
477 4398 492 4426 ‚
538 4363 601 4411 ut
643 4352 901 4419 videtur,
947 4351 1256 4430 pertinere.
1329 4350 1527 4410 Livius
1565 4350 1649 4410 ibi
1691 4353 1849 4409 enim
1891 4349 1965 4409 de
2008 4347 2347 4408 Hannibale
2389 4347 2503 4406 ait:

2313 4454 2345 4504 9
