3375 5084
1442 372 1513 429 31

383 543 653 606 videtur
713 564 869 607 cum
931 545 1147 625 probe
1210 541 1592 606 distinxerit
1649 542 1854 625 (quod
1898 542 2124 623 longis
2179 543 2576 605 excursibus

382 658 609 723 facere
685 659 882 740 solet)
960 660 1136 722 inter
1210 678 1435 722 rerum
1505 677 1745 721 causas
1820 657 2110 740 (αἰτίας),
2180 669 2579 739 praetextus

385 773 809 858 (προφάσεις),
874 775 1063 837 initia
1123 773 1364 862 (ἀρχάς)
1405 770 1465 857 ¹).
1559 773 1823 837 Causae
1861 774 2133 835 nomine
2178 773 2579 854 plerumque

386 891 672 974 exponit
722 890 1110 953 voluntates
1158 900 1229 953 et
1272 890 1497 953 studia
1542 890 1656 953 vel
1704 890 1837 952 iras
1883 880 2323 971 personarum
2370 909 2580 971 agen-

383 1007 553 1070 tium
592 1007 666 1089 2);
730 1016 1128 1089 praetextus
1191 1006 1254 1069 ei
1316 1016 1471 1069 sunt
1517 1026 1765 1070 causae
1812 1026 1980 1088 quas
2025 1025 2191 1086 prae
2237 1025 2312 1067 se
2358 1004 2581 1067 ferunt

382 1143 751 1205 personae;
813 1124 986 1186 haec
1050 1110 1276 1185 omnia
1332 1142 1677 1204 exponere
1744 1131 1848 1185 est
1897 1121 2060 1184 boni
2104 1141 2330 1183 rerum
2375 1122 2583 1203 scrip·
2679 1108 2689 1115 ’

384 1239 551 1302 toris
598 1248 668 1302 et
714 1239 954 1302 melius
1001 1239 1207 1301 etiam
1253 1239 1340 1301 de
1387 1238 1646 1301 lectore
1693 1237 1972 1300 meritus
2015 1246 2199 1300 esset
2229 1236 2286 1298 si
2314 1237 2581 1299 omissis

384 1355 793 1438 ambagibus
852 1355 1059 1418 etiam
1113 1354 1380 1436 plenius
1425 1374 1533 1417 res
1579 1354 1762 1436 ipsas
1807 1354 2160 1416 nobiscum
2208 1353 2575 1415 communi-

385 1480 623 1534 casset.
716 1470 853 1533 Eas
920 1491 1029 1533 res
1047 1519 1063 1544 ‚
1132 1491 1309 1552 quae
1378 1479 1582 1532 antea
1598 1518 1612 1545 ,
1683 1490 1859 1552 quae
1928 1469 2127 1532 simul
2188 1469 2580 1532 acciderunt

382 1606 508 1648 nos
578 1586 784 1649 etiam
845 1606 1094 1650 causae
1156 1586 1429 1649 nomine
1490 1586 1814 1667 amplecti
1875 1586 2172 1648 solemus
2232 1595 2302 1648 et
2347 1585 2415 1647 in
2461 1605 2580 1647 eas

384 1701 752 1785 diligenter
797 1702 1132 1784 inquirere
1155 1751 1169 1777 ‚
1218 1703 1340 1765 sed
1384 1702 1715 1784 Polybius
1760 1703 1890 1765 hac
1937 1721 2111 1765 voce
2155 1702 2251 1764 ita
2282 1701 2582 1764 abutitur

383 1827 460 1880 ut
519 1838 758 1882 causas
817 1838 1043 1881 rerum
1110 1827 1269 1882 ante
1316 1828 1668 1902 gestarum
1714 1838 1933 1900 aeque
1981 1828 2168 1882 certe
2215 1839 2290 1881 se
2338 1818 2576 1899 explo-

382 1934 640 1997 ravisse
704 1936 941 1998 credat
1004 1944 1209 2016 atque
1271 1956 1495 1998 rerum
1560 1936 1650 1998 ad
1710 1944 2021 1998 naturam
2080 1934 2577 2016 pertinentium.

382 2049 558 2112 Eum
623 2049 802 2133 fugit
873 2050 1055 2132 quod
1077 2100 1091 2126 ‚
1162 2060 1238 2114 ut
1305 2071 1530 2114 rerum
1592 2052 1682 2114 ad
1748 2060 2058 2114 naturam
2104 2050 2584 2131 pertinentium

386 2186 625 2229 causas
671 2168 1030 2231 ostendere
1077 2168 1193 2231 vel
1224 2168 1554 2251 indagare
1585 2168 1788 2232 facile
1822 2178 1953 2242 est,
1986 2168 2082 2231 sic
2109 2165 2580 2230 difficillimum

385 2292 492 2345 est
578 2282 677 2345 rei
762 2283 1046 2347 alicuius
1113 2285 1441 2347 memoria
1507 2285 1797 2348 traditae
1866 2303 2139 2346 causam
2209 2283 2546 2365 inquirere
2566 2331 2580 2357 ,

384 2418 544 2460 nam
603 2398 757 2460 talis
819 2419 928 2480 res
990 2400 1207 2482 vulgo
1271 2400 1505 2464 nititur
1547 2400 1797 2483 partim
1842 2401 2045 2462 rebus
2091 2399 2358 2481 magnis
2405 2418 2580 2480 quae

385 2515 650 2578 ostendi
704 2525 1012 2597 possunt,
1058 2515 1308 2598 partim
1353 2516 1787 2580 multitudine
1834 2535 2060 2578 rerum
2106 2514 2578 2578 minutissima-

386 2650 537 2694 rum
583 2650 751 2713 quas
798 2631 1125 2695 sciscitari
1170 2651 1372 2694 nemo
1418 2641 1679 2713 potest3
1727 2632 1797 2694 in
1842 2630 1976 2693 illis
2021 2631 2224 2693 rebus
2273 2649 2448 2712 quae
2497 2630 2585 2691 ad

385 2756 698 2810 naturam
764 2748 1107 2829 pertinent
1168 2749 1344 2813 ratio
1408 2769 1655 2811 causae
1721 2747 2161 2830 inquirendae
2224 2755 2410 2808 certa
2480 2755 2585 2807 est

390 2862 549 2944 quia
614 2863 1116 2944 inquisitionem
1186 2864 1453 2947 quoties
1523 2864 1696 2926 libet
1759 2863 2131 2926 instaurare
2191 2880 2585 2942 possumus;

387 2979 458 3041 in
517 2979 623 3041 his
670 2999 860 3061 quae
924 2980 1014 3043 ad
1072 2980 1423 3044 historiam
1483 2980 1825 3063 pertinent
1841 3028 1854 3054 ,
1915 2979 2036 3041 illa
2091 2977 2265 3041 ratio
2312 2995 2583 3058 semper

388 3094 667 3157 vacillat
728 3104 799 3157 et
861 3095 1217 3160 claudicat.
1314 3096 1750 3161 Consuetudo
1808 3104 2037 3158 autem
2094 3092 2419 3156 abutendi
2462 3111 2584 3154 no-

389 3209 571 3272 mine
618 3212 838 3283 αἶτίας
885 3211 1223 3275 interdum
1269 3213 1358 3275 ad
1403 3232 1692 3295 gravem
1724 3230 2021 3274 errorem
2052 3230 2208 3273 eum
2233 3208 2587 3291 perduxit3

390 3325 654 3390 scilicet
697 3336 772 3391 ut
819 3348 857 3390 e
903 3328 1106 3391 rebus
1151 3329 1626 3411 praesentibus
1672 3337 1744 3391 et
1789 3337 1948 3391 ante
1980 3327 2194 3410 gestis
2227 3327 2314 3389 de
2350 3324 2589 3388 futuris

390 3444 693 3524 praedici
759 3465 962 3527 posse
1028 3455 1302 3528 putaret
1335 3445 1379 3529 ⁸)
1395 3495 1410 3521 ,
1475 3466 1651 3528 quae
1714 3445 1886 3509 ratio
1948 3465 2153 3527 quam
2213 3443 2446 3525 inepta
2498 3441 2587 3504 sit

393 3558 762 3623 clarissime
831 3571 1119 3646 apparet
1190 3582 1281 3625 ex
1347 3561 1557 3645 ipsius
1629 3561 2072 3624 admiratione
2143 3558 2285 3655 fere
2344 3557 2592 3640 puerili

484 3792 525 3875 ¹)
565 3794 704 3855 Vid.
745 3796 956 3873 longos
999 3815 1281 3855 excursus
1322 3797 1429 3855 111.
1474 3815 1529 3855 c.
1576 3797 1752 3854 6-c.
1803 3813 1833 3872 7
1879 3801 1906 3866 ξ
1949 3815 2012 3870 43
2060 3813 2113 3852 c.
2165 3812 2235 3851 12
2266 3799 2294 3864 5
2327 3808 2379 3867 73
2405 3810 2460 3850 e.
2486 3809 2594 3867 303

388 3894 434 3951 Ι.
483 3912 532 3951 e.
579 3897 652 3972 65
696 3901 725 3966 ξ
769 3895 805 3953 8
847 3914 1012 3972 sqq.;
1056 3896 1250 3955 XXII.
1295 3915 1346 3954 c.
1400 3910 1533 3973 1923
1577 3896 1682 3953 VI.
1727 3914 1781 3954 e.
1828 3895 2086 3970 48-50,

477 3990 527 4073 ²)
583 3993 705 4053 Cfr.
763 3995 829 4053 P.
885 3996 964 4053 II.
1022 4014 1075 4054 e.
1135 3998 1211 4070 56
1267 4002 1296 4066 ἓ
1356 3998 1460 4053 16:
1514 4002 1564 4056 ἐν
1603 4000 1762 4055 παντὶ
1799 3997 1859 4053 τὸ
1896 3997 2040 4060 τέλος
2075 4002 2241 4052 κεῖται
2277 4023 2358 4033 --·
2395 3995 2445 4049 ἐν
2482 4000 2598 4056 ταῖς

388 4097 584 4161 αἰτίαις
619 4098 709 4154 καὶ
746 4101 1075 4173 προαιρέσεσι
1110 4107 1211 4154 τῶν
1248 4098 1578 4173 πραττόντων
1599 4139 1615 4166 ,
1660 4101 1721 4150 et
1762 4089 2000 4169 passim.

392 4247 397 4251 .
479 4187 527 4269 3)
568 4192 673 4249 VI.
717 4210 770 4250 e.
818 4211 852 4268 3
895 4198 923 4262 ἓ
967 4211 1034 4250 2:
1078 4196 1140 4252 τό
1172 4218 1228 4252 τε
1262 4195 1366 4271 ’γὰρ
1404 4196 1707 4271 ἐξαγγεῖλαι
1744 4194 2240 4269 τὰ··γιγνωσκὸμενα
2276 4191 2459 4268 ῥᾴδιον
2482 4234 2497 4259 ,
2537 4191 2598 4247 τὸ

390 4315 446 4349 τε
495 4300 847 4367 προειπεῖν
896 4292 1021 4370 ὑπὲρ
1069 4299 1162 4349 τοῦ
1210 4294 1483 4368 μέλλοντος
1518 4293 1900 4368 στοχαζόμενον
1939 4292 1994 4346 ἐκ
2029 4298 2129 4347 τῶν
2170 4290 2267 4351 ἤδη
2305 4290 2595 4367 ’γεγονότων

391 4391 626 4465 εὐμαρές.
712 4386 817 4446 VI.
859 4405 913 4445 c.
956 4406 992 4464 9
1035 4392 1063 4457 ἓ
1112 4404 1200 4443 12.
