3375 5084
1788 380 1870 436 86

737 568 1033 631 refutare
1080 567 1490 648 suscepisset
1508 616 1521 641 ,
1569 577 1644 630 ut
1675 567 1796 629 illa
1826 577 2212 630 commenta
2243 567 2546 630 dilueret.
2593 567 2932 648 Polybius

734 686 829 748 ibi
899 687 984 747 de
1053 684 1425 747 levioribus
1485 685 1690 746 rebus
1753 704 1910 746 eum
1964 684 2127 746 satis
2172 705 2411 746 severe
2457 684 2928 766 reprehendit;

735 802 851 883 qui
913 800 1058 877 fieri
1122 800 1455 883 potuisset
1509 810 1586 863 ut
1629 820 1809 862 nunc
1855 800 2125 863 silentio
2172 800 2459 863 Fabium
2504 800 2936 882 praetermit-

736 928 912 981 teret
958 938 1112 980 cum
1157 917 1372 979 multo
1419 917 1738 999 graviore
1786 917 2062 979 crimine
2111 937 2265 979 eum
2313 918 2634 991 damnare
2658 925 2899 998 posset
2917 964 2932 991 ‚

736 1054 982 1116 nempe
1046 1034 1231 1115 quod
1292 1033 1613 1096 victorias
1657 1033 2129 1096 Romanorum
2173 1031 2523 1097 finxisset?
2571 1070 2653 1078 -——-
2704 1031 2933 1116 Quae-

737 1151 910 1213 renti
981 1171 1116 1232 quo
1188 1159 1464 1212 auctore
1531 1149 1659 1212 nisi
1730 1149 1945 1213 Fabio
2006 1150 2338 1231 Polybius
2398 1150 2570 1213 haec
2633 1150 2936 1213 scribere

738 1268 963 1350 potuit
982 1316 996 1342 ‚
1076 1266 1417 1331 Graeculo
1488 1269 1784 1348 quodam
1852 1267 2138 1330 fortasse
2203 1268 2741 1350 respondebitur.
2832 1265 2937 1329 At

738 1384 996 1447 bellum
1042 1384 1198 1446 anni
1249 1402 1371 1461 225
1423 1393 1608 1446 certe
1653 1383 1847 1446 latini
1893 1383 2189 1446 auctoris
2235 1393 2356 1447 est.
2449 1384 2718 1446 Deinde
2778 1403 2938 1446 con-

741 1500 1172 1562 siderandum
1237 1509 1341 1562 est
1385 1499 1743 1562 consilium
1787 1520 1924 1581 quo
1970 1499 2301 1581 Polybius
2346 1500 2519 1563 haec
2565 1499 2750 1562 bella
2796 1520 2939 1561 me-

742 1616 1047 1678 moravit.
1164 1614 1465 1680 Graecos
1532 1616 1813 1679 incitare
1881 1618 2109 1680 studet
2177 1617 2253 1698 (e.
2328 1637 2406 1695 35
2480 1622 2510 1693 5
2584 1615 2778 1697 5—9)
2849 1636 2941 1677 ne

743 1732 940 1795 nimis
1002 1733 1444 1794 barbarorum
1506 1732 1801 1813 impetus
1846 1731 2210 1795 formident
2226 1781 2241 1807 ,
2290 1753 2444 1795 cum
2491 1731 2945 1814 cognoverint

743 1850 1100 1911 Romanos
1145 1849 1348 1910 bellis
1393 1857 1535 1910 tam
1579 1848 1907 1930 gravibus
1954 1848 2030 1931 (c.
2082 1868 2160 1927 35
2213 1854 2243 1924 5
2296 1847 2354 1929 2)
2400 1848 2696 1911 victores
2728 1846 2942 1909 fuisse

747 1964 1028 2027 consilio
1048 2013 1062 2038 ,
1111 1962 1350 2027 Gallos
1394 1964 1614 2027 victos
1661 1984 1813 2026 esse
1858 1973 2139 2046 propter
2182 1964 2703 2027 inconstantiam
2750 1983 2945 2025 suam

746 2080 797 2163 (5
847 2079 923 2161 3).
996 2078 1271 2142 Clarum
1319 2089 1423 2142 est
1454 2079 1820 2160 Polybium
1857 2081 1989 2142 hoc
2021 2079 2174 2142 loco
2208 2080 2471 2143 civibus
2497 2080 2634 2142 suis
2661 2078 2946 2143 Graecis

746 2216 855 2258 res
924 2214 1163 2276 parum
1230 2194 1311 2257 iis
1377 2205 1575 2263 notas
1638 2214 2003 2276 exponere.
2118 2195 2274 2258 Hoc
2335 2197 2583 2277 probat
2640 2205 2716 2258 ut
2770 2194 2946 2257 vidit

745 2312 1025 2376 Nitzsch
1067 2308 1108 2392 ¹)
1155 2332 1315 2374 eum
1358 2331 1496 2374 non
1543 2310 1809 2375 Graeco
1857 2322 2134 2375 auctore
2182 2332 2378 2374 usum
2424 2332 2593 2375 esse.
2657 2312 2946 2374 Revera

746 2450 859 2492 res
924 2449 1165 2510 parum
1234 2428 1512 2510 cognita
1572 2439 1719 2492 erat
1777 2427 2089 2493 Graecis:
2154 2429 2642 2510 Theopompus
2687 2429 2948 2510 primus

747 2547 908 2609 belli
968 2545 1167 2628 primi
1226 2543 1473 2608 Gallici
1519 2545 1693 2629 (390)
1737 2545 2152 2609 mentionem
2197 2545 2524 2608 iniecerat
2563 2544 2624 2626 2).
2675 2581 2757 2589 —
2806 2544 2945 2606 Per

750 2673 971 2726 totum
1016 2682 1188 2743 opus
1234 2661 1564 2743 Polybius
1612 2662 1920 2743 increpat
1965 2671 2280 2724 auctores
2326 2659 2631 2725 Graecos
2677 2660 2792 2741 qui
2818 2680 2947 2722 suo

750 2789 1060 2860 tempore
1111 2779 1227 2840 vel
1272 2778 1505 2859 paullo
1554 2786 1712 2839 ante
1760 2786 1952 2841 erant
1970 2826 1984 2852 ‚
2032 2777 2146 2859 qui
2193 2787 2312 2840 aut
2354 2797 2463 2839 res
2509 2775 2953 2859 gravissimas

750 2894 945 2957 brevi
1012 2894 1472 2976 perstringere
1542 2893 1846 2956 solerent
1885 2891 1928 2975 ³)
1991 2903 2109 2955 aut
2167 2893 2438 2955 insulsis
2501 2891 2915 2955 ornamentis
2934 2939 2950 2966 ,

752 3010 1116 3091 prodigiiS,
1178 3009 1379 3091 nugis
1440 3004 1910 3093 (τερατολογίᾳ)
1971 3029 2358 3091 aggravare
2390 3007 2452 3088 ⁴).
2507 3046 2590 3053 -—
2643 3008 2959 3070 Niebuhr

756 3135 984 3188 autem
1046 3126 1281 3189 statuit
1341 3125 1700 3188 Timaeum
1762 3125 1982 3188 solum
2029 3126 2115 3187 de
2161 3125 2363 3187 bellis
2411 3122 2695 3188 Gallicis
2740 3124 2954 3205 scrip-

559 3256 562 3257 ’
757 3242 924 3303 sisse
956 3241 1018 3323 ⁵).
1090 3238 1408 3304 Timaeus
1456 3261 1659 3322 quem
1706 3242 1957 3304 acerbo
2004 3241 2161 3303 odio
2192 3241 2562 3303 insectatur
2591 3239 2956 3321 Polybius,

757 3378 962 3439 quem
1007 3357 1312 3420 inscitiae
1360 3368 1431 3421 et
1484 3357 1786 3423 stultitae
1834 3367 2110 3420 accusat
2124 3405 2138 3432 ,
2187 3377 2391 3438 quem
2422 3357 2733 3419 consulto
2764 3376 2954 3418 men-

758 3474 956 3536 titum
1004 3494 1153 3535 esse
1171 3522 1186 3548 ,
1233 3474 1400 3536 nihil
1447 3484 1633 3536 recte
1680 3474 1949 3536 tradere
1969 3522 1983 3548 ‚
2031 3473 2258 3535 omnia
2288 3472 2629 3554 imperitia
2658 3491 2782 3533 sua
2811 3480 2954 3533 tur-

758 3591 924 3652 bare
973 3599 1205 3653 censet
1222 3639 1236 3665 ‚
1284 3591 1341 3652 si
1387 3591 1557 3672 quid·
1595 3585 1704 3653 de'
1729 3590 1929 3653 bellis
1976 3588 2259 3654 Gallicis
2289 3589 2567 3651 tradidit
2583 3637 2597 3663 ,
2630 3589 2701 3650 id
2725 3588 2955 3669 ipsum

762 3707 1131 3789 Polybium
1191 3707 1643 3789 permovisset
1700 3716 1775 3769 ut
1827 3705 2117 3769 Fabium
2164 3677 2514 3769 auctorem
2561 3703 2960 3786 praeferret.

850 4011 892 4092 ¹)
915 4014 1110 4097 Pom.
1154 4013 1325 4070 Ann..
1358 4032 1416 4088 p.
1466 4028 1600 4085 277.

718 4189 726 4196 .
842 4111 893 4192 2)
934 4111 1081 4170 Ph'n.
1127 4113 1209 4169 H.
1253 4113 1326 4170 N.
1372 4112 1480 4170 III.
1527 4132 1582 4188 9.

846 4208 895 4291 3)
936 4204 1001 4270 P'.
1046 4212 1119 4269 V.
1168 4232 1242 4287 33
1286 4209 1439 4271 alibi.

843 4307 895 4389 4)
935 4311 1001 4367 P.
1044 4310 1206 4366 XVI.
1252 4329 1303 4367 e.
1355 4329 1423 4366 12
1468 4316 1495 4377 5
1540 4325 1570 4383 5
1616 4306 1773 4365 alibi.

848 4407 897 4488 5)
939 4410 1115 4473 Rom.
1161 4408 1379 4466 Gesch.
1423 4409 1498 4464 II.
1543 4427 1601 4482 p.
1649 4408 1785 4481 623.
