3375 5084
1416 374 1493 433 73

363 564 517 606 cum
595 545 843 607 Poenis
919 546 1243 608 aemulari
1331 547 1476 609 ausi
1545 547 1693 610 sint.
1808 545 2033 629 Saepe
2121 550 2206 612 de
2293 548 2551 613 Senatu

363 660 683 723 Romano
742 670 813 724 et
869 660 1156 723 comitiis
1201 671 1430 724 narrat
1474 682 1650 745 quae
1698 683 1736 725 e
1784 663 2054 726 Philino
2103 665 2367 728 discere
2414 686 2551 728 non

360 777 582 857 potuit
632 775 665 857 ¹)
682 825 696 851 ,
745 787 815 841 et
861 777 1190 841 eiusmodi
1234 798 1343 841 res
1389 779 1476 841 de
1527 776 1787 843 Senatu
1835 781 2382 864 Carthaginiensi
2418 792 2549 846 tra-

359 895 525 956 dere
589 894 844 969 omisit3
907 915 1114 976 saepe
1177 895 1383 958 etiam
1443 916 1517 958 re
1575 897 1805 978 aliqua
1857 908 2128 961 narrata
2175 899 2366 963 addit
2411 921 2547 981 quo

361 1011 587 1074 animo
634 1011 933 1074 Romani
979 1013 1285 1076 nuntium
1330 1014 1631 1077 Romam
1676 1016 2018 1096 perlatum
2065 1017 2455 1099 acceperint
2489 1017 2549 1098 2).

452 1127 1017 1209 Comparantibus
1061 1138 1293 1192 autem
1335 1130 1534 1192 nobis
1579 1130 1946 1212 Polybium
1987 1132 2101 1213 qui
2132 1132 2328 1195 Fabii
2359 1133 2548 1196 libris

359 1244 802 1307 fundamento
853 1245 1253 1308 narrationis
1298 1266 1460 1308 usus
1506 1254 1638 1321 est,
1687 1257 1759 1309 et
1803 1247 2183 1311 Diodorum
2228 1250 2343 1331 qui
2389 1249 2548 1313 Phi-

359 1361 573 1424 linum
633 1361 778 1424 fere
841 1362 1142 1444 sequitur
1158 1411 1172 1437 ,
1238 1374 1524 1445 apparet
1582 1364 1751 1426 nihil
1811 1364 1955 1427 fere
2002 1365 2180 1428 inter
2224 1386 2343 1428 eos
2391 1386 2549 1429 con-

361 1478 596 1541 venire
615 1528 629 1545 ‚
687 1479 803 1541 vel
849 1478 919 1539 in
964 1478 1258 1541 numeris
1304 1478 1577 1542 navium
1598 1502 1602 1507 ·
1623 1481 1739 1542 vel
1786 1480 1854 1543 in
1899 1478 2317 1556 narratione3
2366 1484 2551 1564 quod

363 1613 455 1656 ex
500 1593 664 1675 ipsis
709 1594 878 1656 locis
925 1587 1318 1675 compositis
1366 1596 1725 1685 ostendere
1770 1596 2055 1679 longum
2103 1606 2222 1660 est.
2294 1597 2549 1660 Multas

359 1729 472 1771 res
518 1709 722 1772 etiam
769 1729 974 1792 supra
1019 1730 1059 1773 e
1103 1709 1411 1774 Diodoro
1460 1711 1716 1794 collegi
1750 1732 1919 1793 quas
1952 1712 2177 1776 omisit
2200 1713 2549 1795 Polybius,

363 1824 692 1907 Polybius
756 1825 1013 1889 nullam
1030 1875 1044 1901 ,
1092 1836 1423 1907 quatenus
1470 1828 1667 1890 nobis
1715 1826 2124 1891 observandi
2172 1829 2371 1910 copia
2418 1838 2522 1892 est
2539 1879 2552 1903 ,

361 1940 750 2004 continuam
808 1941 1266 2005 narrationem
1327 1962 1367 2005 e
1428 1943 1699 2006 Philino
1760 1944 1987 2007 hausit
2002 1993 2017 2018 ,
2078 1944 2206 2007 nisi
2265 1938 2552 2008 fortasse

363 2077 540 2138 quae
601 2057 805 2120 tradit
861 2057 948 2120 de
995 2057 1347 2121 obsidione
1393 2058 1741 2140 Lilybaei,
1789 2080 1844 2123 c.
1896 2065 2158 2137 42-·-48
2209 2069 2280 2123 et
2325 2080 2380 2123 e.
2433 2081 2512 2138 53
2535 2109 2548 2135 ,

360 2193 539 2255 quae
602 2173 768 2235 satis
822 2173 1231 2236 conveniunt
1277 2194 1430 2237 cum
1475 2174 1765 2237 Diodori
1809 2175 1879 2237 ll.
1925 2173 2202 2238 XXIV.
2252 2196 2306 2238 c.
2367 2198 2388 2237 1
2417 2225 2431 2251 ,
2480 2187 2551 2239 et

363 2289 611 2371 quibus
657 2289 820 2352 solis
865 2289 1088 2371 magis
1135 2310 1174 2352 e
1220 2301 1415 2372 parte
1462 2290 2123 2374 Carthaginiensium
2170 2312 2279 2355 res
2325 2293 2553 2355 obser-

362 2425 530 2468 vare
576 2405 845 2469 videtur
891 2406 1220 2487 Polybius
1267 2426 1470 2487 quam
1516 2428 1555 2469 e
1601 2417 1796 2488 parte
1831 2406 2323 2471 Romanorum.
2382 2408 2552 2472 Con-

361 2522 644 2584 trarium
699 2521 833 2584 dici
880 2532 1110 2603 potest
1158 2542 1311 2585 cum
1357 2523 1443 2584 de
1489 2523 1720 2585 multis
1765 2522 1944 2604 aliis,
1994 2534 2137 2586 tum
2185 2525 2270 2586 de
2317 2545 2553 2606 pugna

361 2638 595 2700 navali
640 2638 733 2700 M.
779 2637 1077 2720 Reguli,
1127 2659 1180 2702 c,
1233 2642 1314 2702 26
1361 2637 1496 2721 (cfr.
1544 2639 1638 2700 ibi
1682 2658 1826 2701 vox
1873 2638 2191 2721 τριάριοι).

454 2753 713 2816 Verum
760 2755 936 2817 hanc
982 2754 1347 2818 utilitatem
1393 2755 1687 2837 Polybio
1735 2756 2050 2836 praebuit
2094 2755 2431 2831 Philinus,
2477 2766 2553 2820 ut

361 2871 598 2934 audita
659 2881 730 2935 et
790 2871 1007 2934 altera
1065 2881 1260 2953 parte
1324 2872 1409 2934 de
1471 2871 1876 2953 quibusdam
1937 2872 2142 2934 rebus
2186 2872 2434 2934 rectius
2486 2882 2555 2934 et

363 2987 641 3050 liberius
704 2988 1003 3051 iudicare
1064 2997 1315 3069 posset.
1409 2985 1604 3068 Quae
1668 2988 1755 3049 de
1812 2986 2099 3069 Regulo
2150 2998 2379 3050 narrat
2424 2988 2555 3050 Po-

363 3104 594 3186 lybius
638 3106 843 3185 plane
892 3104 1228 3167 contraria
1258 3114 1413 3166 sunt
1442 3105 1771 3186 vulgatae
1794 3103 2158 3167 Romanae
2182 3105 2551 3180 traditioni3

365 3229 678 3282 metuens
723 3221 843 3282 ille
888 3241 976 3283 ne
1023 3240 1376 3284 successor
1421 3220 1548 3282 sibi
1586 3220 1893 3284 mittatur
1922 3220 2038 3302 qui
2067 3220 2236 3282 belli
2267 3220 2558 3284 confecti

364 3335 658 3418 gloriam
729 3336 955 3417 capiat
971 3384 986 3409 ,
1056 3337 1145 3398 ad
1213 3357 1457 3418 pacem
1516 3336 1809 3418 primum
1868 3337 2100 3399 hostes
2164 3337 2558 3399 cohortatur

366 3450 464 3534 (P.
526 3472 581 3516 c.
647 3474 721 3530 31
795 3457 825 3528 5
889 3451 982 3533 4);
1040 3461 1111 3515 et
1165 3453 1386 3515 sciens
1412 3452 1680 3516 omittit
1725 3452 1801 3515 P.
1848 3473 2023 3533 quae
2070 3453 2156 3514 de
2203 3452 2552 3535 legatione

372 3568 517 3630 eius
562 3568 865 3631 Romam
911 3567 1093 3631 facta
1139 3578 1211 3632 et
1256 3570 1343 3631 de
1382 3569 1690 3632 cruciatis
1716 3569 1859 3631 eius
1889 3577 2132 3650 postea
2161 3567 2557 3632 fabulaban-

364 3814 648 3883 negatum
691 3824 813 3864 non
856 3814 973 3877 est,
1017 3803 1305 3863 Romanis
1346 3813 1522 3863 antea
1560 3823 1742 3862 naves
1784 3813 1843 3862 et
1870 3804 2117 3862 classem
2146 3801 2564 3862 mercatoriam

368 3904 544 3963 fuisse
633 3905 770 3963 Non
814 3913 902 3963 est
944 3902 1118 3962 huius
1157 3901 1272 3962 loci
1312 3902 1597 3981 indagare
1639 3912 1931 3978 quatenus
1972 3901 2228 3962 Romani
2267 3901 2388 3960 iam
2429 3913 2566 3961 ante

365 4003 484 4062 hoc
527 4003 747 4062 bellurn
791 4003 968 4062 rebus
1008 4001 1315 4061 maritimis
1356 4000 1649 4080 viguerint
1691 4002 1792 4060 cfr.
1838 4003 2117 4062 MommS.
2161 4002 2237 4061 R.
2268 4001 2466 4060 Gesch
2515 4004 2560 4059 I.

356 4122 419 4179 p.
464 4105 541 4175 46
586 4111 646 4161 et
689 4121 821 4175 412.

458 4199 2042 4280 ¹)P.I.11§15q.;17§1;20§1329§8.

448 4298 501 4379 ²)
541 4302 608 4358 P.
666 4301 713 4358 Ῑ.
770 4320 822 4359 e.
889 4303 961 4359 16
1014 4307 1046 4371 ἓ
1105 4318 1169 4373 13
1234 4317 1302 4375 17
1348 4307 1375 4372 ξ
1425 4320 1488 4373 13
1536 4319 1610 4357 20
1653 4306 1680 4369 ἓ
1730 4318 1795 4356 1:
1839 4310 2135 4378 περιχαρεῖς
2168 4304 2431 4378 γενόμενοι
2472 4305 2559 4359 καὶ

365 4413 482 4468 ταῖς
519 4404 773 4468 διανοίαις
809 4404 1149 4479 ἱπαρθὲντιςς
1193 4417 1270 4472 24
1317 4405 1345 4470 §
1395 4419 1458 4472 13
1502 4417 1575 4471 41
1623 4404 1651 4468 ὅ
1699 4417 1724 4456 1
1772 4409 2067 4479 περιχαρεῖς
2102 4397 2270 4474 ἧσαν;
2312 4417 2390 4475 49
2432 4404 2460 4469 §
2508 4418 2558 4457 1.
