3375 5084
1386 345 1464 405 77

303 519 647 593 'Pullum,
718 520 786 580 in
856 519 1025 580 duos
1097 538 1308 580 annos
1377 518 1479 599 (15
1555 527 1624 579 et
1703 523 1811 591 16,
1878 517 2006 578 vel«
2056 537 2183 595 250
2245 527 2314 579 et
2379 517 2526 599 249)

335 635 771 698 distribueret
826 634 902 715 (e.
961 656 1044 713 49
1093 638 1123 709 ἓ
1176 655 1211 712 3
1264 643 1334 695 et
1379 654 1434 696 c.
1487 653 1564 711 52
1618 638 1648 708 ἓ
1701 630 1792 713 5),
1841 652 1995 694 cum
2039 642 2325 713 uterque
2371 652 2522 713 per-

332 751 550 813 tineat
610 750 700 811 ad
759 769 1011 811 annum
1071 748 1239 810 belli
1311 752 1386 810 16
1406 796 1420 822 ,
1482 747 1597 809 vel
1662 768 1821 826 2493
1887 748 1958 809 id
2012 767 2150 809 non
2195 747 2417 810 solum
2463 749 2529 811 ei

330 865 754 947 expediebat
851 866 1035 945 quod
1108 865 1205 927 ita
1280 883 1527 925 annum
1603 864 1829 945 priore
1905 883 2132 925 errore
2209 864 2527 925 amissum
2620 882 2626 893 ¹

331 981 702 1062 reparabat
720 1029 735 1055 ,
797 981 920 1043 sed
976 980 1182 1042 etiam
1246 980 1432 1061 quod
1491 980 1588 1042 ita
1650 980 1787 1041 duo
1833 998 2128 1061 magnae
2169 980 2526 1073 ‘Romano-

328 1118 486 1160 rum
559 1098 789 1160 clades
859 1097 969 1179 (ad
1033 1097 1359 1178 Drepana
1429 1107 1499 1159 et
1568 1098 1658 1158 ad
1729 1096 2177 1178 Camarinam)
2233 1098 2302 1159 in
2357 1098 2525 1159 duos

329 1234 549 1277 annos
595 1215 1174 1278 distribuebantur
1193 1263 1207 1288 ‚
1255 1234 1430 1295 quae
1477 1223 1708 1276 tamen
1752 1215 1842 1276 ad
1889 1215 2182 1277 eundem
2218 1235 2343 1293 249
2379 1234 2529 1295 per-

330 1332 556 1395 tinent
597 1328 657 1412 ¹).
2307 1343 2311 1349 '

428 1448 569 1513 Sed
643 1425 914 1512 fuerunt
990 1449 1108 1529 qui
1192 1447 1680 1511 contenderent
1700 1497 1714 1523 ,
1792 1447 2158 1529 Polybium
2234 1448 2528 1529 partium

331 1565 563 1627 studio
628 1574 1014 1646 correptum
1033 1612 1046 1638 ,
1097 1564 1404 1626 consulto
1452 1564 1716 1645 aliquot
1760 1583 1869 1625 res
1914 1583 2276 1645 perperam
2321 1563 2525 1627 tradi-

332 1681 534 1743 disse.
626 1681 737 1743 Ac
807 1681 1099 1761 primum
1168 1679 1445 1761 quidem
1507 1680 1716 1742 Peter
1754 1679 1798 1760 2>
1861 1680 2098 1742 statuit
2158 1679 2528 1761 Polybium

331 1796 698 1860 inimicitiis
767 1796 1116 1858 inductum
1186 1815 1363 1877 quae
1431 1796 1607 1858 inter
1675 1794 1967 1858 familias
2035 1795 2403 1858 Fabiorum
2461 1806 2531 1858 et

333 1910 734 1993 Scipionum
809 1911 974 1973 olim
1048 1912 1600 1986 intercesserant,
1679 1912 1812 1975 hoc
1885 1912 2117 1974 odium
2187 1912 2394 1974 etiam
2462 1913 2531 1974 in

331 2027 626 2089 Fabium
687 2027 1030 2089 annalium
1088 2037 1438 2089 auctorem
1484 2027 1876 2107 pertulisse;
1927 2047 2084 2088 eum
2129 2026 2346 2089 Fabio
2391 2048 2529 2089 non

334 2165 533 2206 suum
593 2144 804 2207 decus
864 2143 1179 2206 tribuisse
1241 2143 1403 2223 quia
1460 2142 1656 2204 nimis
1713 2144 1907 2205 daret
1952 2143 2340 2207 auctoritati
2387 2142 2530 2208 Sci-

335 2260 562 2340 pionis
624 2260 905 2340 eiusque
963 2259 1338 2322 amicorum
1384 2277 1672 2339 quorum
1720 2259 2212 2321 consuetudine
2258 2259 2530 2322 Romae

334 2376 676 2438 utebatur.
768 2374 850 2437 Id
909 2395 1045 2437 non
1110 2374 1331 2437 solum
1390 2374 1601 2456 longe
1654 2373 1952 2454 petitum
2012 2375 2176 2436 mihi
2229 2375 2502 2438 videtur
2517 2425 2532 2451 ,

337 2492 466 2554 sed
534 2492 740 2554 etiam
810 2511 901 2553 ex
968 2491 1131 2572 ipsis
1199 2492 1404 2554 rebus
1466 2500 1784 2572 apparet,
1850 2491 2218 2572 Polybium
2279 2492 2347 2553 in
2401 2492 2531 2555 hoc

339 2607 527 2669 bello
574 2608 950 2670 enarrando
995 2607 1270 2669 minime
1317 2607 1594 2670 ductum
1642 2626 1795 2669 esse
1841 2607 2064 2669 studio
2112 2607 2338 2689 gentis
2369 2606 2532 2670 Cor-

336 2724 582 2786 neliae.
673 2723 951 2786 Nullam
1013 2743 1292 2805 operam
1346 2723 1653 2786 adhibuit
1699 2725 1789 2785 ad
1834 2723 2196 2785 levandam
2240 2724 2529 2806 ignomi-

338 2840 523 2902 niam
613 2840 690 2902 P.
782 2839 1077 2903 Cornelii
1155 2838 1493 2921 Scipionis
1569 2839 1829 2901 Asinae
1907 2838 1987 2919 (a.
2057 2836 2217 2919 260)
2241 2887 2255 2913 ,
2339 2839 2531 2902 cuius

342 2956 800 3019 calamitatem
864 2957 1106 3038 reliqui
1168 2956 1533 3037 scriptores
1577 2953 1909 3036 perfidiae
1954 2954 2342 3017 Poenorum
2388 2955 2532 3017 sine

340 3072 486 3134 ulla
551 3072 761 3153 ipsius
832 3073 1036 3153 culpa
1106 3072 1602 3135 adscribebant.
1705 3070 1976 3133 Deinde
1992 3119 2011 3143 ‚
2081 3072 2267 3151 quod
2327 3071 2533 3133 etiam

339 3189 564 3271 magis
626 3189 869 3251 mirum
922 3198 1027 3252 est
1043 3238 1057 3264 ,
1102 3189 1364 3251 nullam
1408 3188 1823 3251 mentionem
1868 3186 2031 3251 fecit
2077 3187 2532 3269 expeditionis
2592 3167 2598 3174 ⁵

236 3319 249 3330 ·
343 3326 385 3366 a
431 3305 508 3367 L.
558 3304 874 3368 Cornelio
922 3302 1242 3386 Scipione
1286 3304 1364 3385 (a.
1402 3302 1548 3385 259)
1579 3305 1648 3365 in
1680 3302 2026 3367 Corsicam
2059 3312 2128 3365 et
2150 3301 2532 3367 Sardiniam

339 3421 564 3485 factae
633 3432 704 3484 et
772 3421 1074 3484 eiusdem
1143 3421 1480 3501 triumphi.
1575 3420 1658 3482 Id
1719 3420 1816 3482 ita
1876 3429 2140 3483 tantum
2203 3419 2533 3501 explicari

342 3548 602 3619 potest,
670 3547 746 3601 ut
805 3537 875 3599 in
936 3538 1141 3599 rebus
1201 3538 1290 3598 ad
1356 3534 1661 3600 Siciliam
1708 3536 1923 3618 gestis
1969 3536 2210 3598 sedulo
2256 3556 2332 3598 se
2377 3555 2533 3598 con-

341 3652 651 3728 tinuerit3
715 3653 838 3715 sed
895 3650 1291 3734 Scipionum
1337 3652 1632 3734 gloriam
1679 3652 1743 3714 ei
1790 3671 2030 3732 parum
2078 3671 2280 3714 curae
2325 3649 2530 3713 fuisse

342 3768 577 3850 utique
624 3780 926 3850 apparet.

433 4062 479 4142 ¹)
536 4065 628 4120 Ita
683 4063 913 4140 explico
966 4082 1227 4123 errorem
1278 4081 1315 4121 a
1355 4062 1604 4140 Polybio
1647 4061 1707 4121 in
1752 4062 1898 4123 serie
1941 4062 2390 4141 magistratuum
2435 4062 2538 4122 ad-

337 4160 618 4234 missum,
665 4181 842 4238 quem
885 4181 1023 4220 cum
1066 4163 1412 4220 Lachmann
1454 4161 1512 4220 in
1557 4161 1677 4221 diss
1741 4162 1817 4220 de
1859 4163 2005 4221 font.
2038 4161 2164 4220 Liv.
2196 4173 2254 4221 et
2277 4162 2538 4221 Michae-

335 4260 410 4319 lis
454 4259 725 4340 (Quaest.
768 4261 844 4320 de
886 4263 944 4320 b.
989 4263 1052 4318 P.
1098 4280 1186 4337 pr.
1232 4281 1291 4337 p.
1342 4278 1449 4338 151
1498 4259 1641 4340 sq.),
1690 4270 1818 4319 tum
1846 4259 1939 4318 alii
1969 4259 2533 4321 animadverterunt.

424 4358 478 4439 2)
518 4360 722 4434 Peter,
770 4359 923 4418 Hist.
970 4362 1145 4418 Rom.
1193 4360 1342 4418 Rell.
1387 4380 1446 4436 p.
1490 4361 1824 4418 LXXXIV.
