3375 5084
1404 330 1485 389 97

444 501 553 563 Ex
614 501 734 565 tali
792 503 1087 565 tumultu
1130 503 1328 584 parvi
1373 503 1663 584 agminis
1713 501 2066 566 Gallorum
2111 523 2169 565 a.
2219 508 2347 581 389
2395 514 2552 584 post

356 619 592 680 urbem
672 618 1031 681 liberatam
1100 619 1170 680 in
1237 619 1437 681 Italia
1506 619 1727 682 relicti
1794 628 2013 682 ortam
2082 639 2232 682 esse
2300 617 2552 682 famam

354 733 680 797 victoriae
772 755 814 797 a
909 733 1197 797 Camillo
1279 744 1667 816 reportatae
1743 754 1951 816 supra
2026 732 2435 797 coniecimus
2495 733 2551 816 ¹).

355 848 702 932 Quidquid
763 849 832 912 id
896 860 1029 925 est,
1075 871 1254 913 nunc
1301 852 1483 932 apud
1531 871 1766 914 omnes
1813 860 2082 914 constat
2126 849 2357 914 fictam
2404 871 2555 913 esse

351 966 708 1028 victoriam
756 964 1025 1028 Camilli
1071 975 1142 1029 et
1186 967 1582 1030 thesaurum
1630 965 1850 1031 Gallis
1897 975 2223 1047 ereptum.
2297 965 2559 1047 Quodsi

354 1101 437 1143 eo
485 1081 641 1144 loco
686 1080 830 1144 fere
878 1102 917 1145 e
963 1081 1175 1145 nihilo
1206 1080 1368 1146 ficta
1398 1092 1555 1146 sunt
1583 1083 1922 1163 proelium
1939 1131 1954 1157 ‚
1986 1082 2272 1146 victoria
2291 1131 2304 1157 ‚
2329 1082 2556 1145 trium-

348 1198 527 1278 phus
545 1247 559 1273 ‚
625 1198 807 1260 haud
869 1197 1088 1261 minus
1144 1199 1469 1262 credibile
1518 1208 1623 1261 est
1668 1199 1824 1262 illas
1868 1199 2293 1280 praedonum
2338 1198 2554 1261 incur-

349 1313 575 1376 siones
667 1315 842 1377 adeo
927 1324 1163 1378 auctas
1243 1335 1411 1378 esse.
1527 1313 1669 1379 Sed
1740 1315 1944 1378 etiam
2012 1315 2169 1378 ideo
2197 1364 2212 1390 ‚
2283 1315 2554 1396 opinor,

352 1429 566 1492 oritur
633 1430 1056 1511 perturbatio
1073 1478 1089 1505 ‚
1156 1432 1340 1513 quod
1410 1432 1696 1494 eaedem
1764 1431 2187 1494 narrationes
2247 1431 2554 1512 paullum

350 1550 655 1609 mutatae
683 1533 776 1608 ‘et
822 1546 911 1607 ad
956 1546 1262 1609 diversos
1307 1565 1520 1610 annos
1564 1547 1901 1629 repetitae
1949 1544 2326 1609 effecerunt
2361 1556 2436 1609 ut
2467 1566 2556 1609 ex

345 1681 488 1723 uno
533 1661 797 1742 proelio
846 1662 1023 1724 duae
1069 1662 1185 1725 vel
1230 1672 1369 1726 tres
1414 1660 1656 1727 fierent
1696 1662 1759 1744 2).

438 1775 878 1855 Narrationes
925 1776 1199 1858 Polybii
1246 1787 1315 1840 et
1359 1777 1539 1840 Livii
1584 1778 1790 1859 plane
1840 1777 2258 1858 discrepant,
2309 1787 2381 1839 et
2425 1775 2556 1838 for-

351 1900 534 1955 tasse
610 1891 892 1955 nimium
965 1893 1246 1975 suscipit
1319 1892 1435 1974 qui
1503 1914 1597 1956 ex
1664 1893 1747 1956 iis
1816 1893 2215 1975 conquirere
2287 1894 2560 1956 studeat

341 2162 600 2223 inferum
662 2163 975 2241 petierunt.
1040 2199 1121 2207 —
1182 2162 1535 2241 Saepissime
1596 2162 1774 2224 etiam
1833 2162 2074 2242 agmina
2128 2163 2439 2223 Gallorum
2497 2161 2559 2221 in

345 2262 571 2339 Apulia
631 2262 1022 2340 permansisse
1083 2263 1177 2322 vel
1230 2262 1617 2336 novissimum,
1676 2265 1757 2323 ab
1811 2261 2168 2322 exercitibus
2210 2260 2526 2321 dissolutos
2545 2308 2560 2336 ,

345 2359 430 2422 ibi
474 2360 870 2438 perhiemasse
912 2372 972 2421 et
1013 2382 1152 2422 cum
1194 2361 1340 2423 alios
1357 2409 1372 2437 ,
1417 2373 1545 2421 tum
1588 2365 1898 2423 Romanos
1924 2359 2285 2421 lacessivisse
2312 2370 2562 2437 apparet

345 2479 379 2520 e
437 2460 856 2523 traditionibus
905 2462 985 2521 ad
1027 2481 1250 2522 annum
1295 2481 1412 2543 390
1455 2460 1716 2539 perlatiS.
1800 2461 2014 2521 Strabo
2058 2462 2133 2518 V.
2178 2479 2231 2520 c.
2280 2480 2310 2518 2
2357 2460 2562 2519 Gallos

345 2560 426 2619 ad
492 2559 742 2620 Sabinos
810 2560 1119 2638 degressos
1180 2579 1232 2619 a*
1273 2559 1608 2620 Caeritibus
1664 2560 1891 2620 deletos
1945 2578 2072 2619 esse
2121 2558 2303 2618 tradit
2319 2581 2335 2632 3
2381 2557 2562 2618 Diod.

344 2661 514 2718 XIV.
558 2679 612 2719 e.
660 2678 770 2735 117
818 2668 1038 2722 narrat·
1067 2679 1164 2719 eas
1194 2656 1448 2720 Veascio
1466 2658 1542 2740 (Ρ)
1574 2658 1802 2737 oppido
1831 2656 2136 2740 (Vulsiniis
2158 2658 2257 2718 vel
2277 2655 2563 2738 Tusculo)

347 2760 549 2819 deleto
625 2758 843 2819 deiude
902 2777 940 2818 a
1002 2744 1256 2819 Camillo
1317 2779 1443 2819 esse
1506 2760 1706 2833 fusos;
1770 2758 2031 2834 Justinus
2096 2756 2277 2816 tradit
2339 2777 2441 2817 eos
2501 2756 2563 2815 in

345 2858 633 2935 Apuliam
689 2857 1015 2935 perrexisse
1032 2905 1047 2933 ,
1091 2856 1231 2917 inde
1274 2857 1565 2935 Dionysio
1610 2857 1810 2917 Siculo
1851 2855 2133 2917 auxilium
2175 2875 2349 2915 suum
2392 2856 2564 2914 obtu-

344 2957 501 3017 lisse.
586 2957 740 3017 Cum
782 2957 873 3016 his
911 2958 1023 3029 cfr.
1065 2956 1194 3017 Liv.
1237 2956 1344 3016 VI.
1389 2977 1463 3031 42
1508 2959 1616 3029 §.8
1659 2955 1737 3037 (a.
1784 2954 1927 3037 367)
1970 2955 2180 3033 „multi
2221 2954 2377 3014 Galli
2407 2954 2563 3014 caesi

344 3057 439 3116 vel
504 3055 666 3136 capti
684 3102 699 3129 ‚
764 3056 947 3134 palati
997 3056 1109 3115 alii
1147 3045 1446 3133 'Apuliam
1503 3055 1760 3116 maxime
1815 3064 2085 3133 petentes
2140 3090 2219 3099 —-
2276 3056 2353 3114 ab
2393 3055 2563 3113 hoste

348 3175 480 3216 sese
543 3155 721 3216 tutati
785 3156 995 3231 sunt'’;
1058 3158 1195 3216 VII.
1262 3176 1312 3215 c.
1380 3175 1446 3215 11
1509 3162 1536 3227 §
1597 3172 1662 3229 7:
1724 3154 1879 3214 Galli
1928 3153 2067 3235 (361
2122 3164 2257 3231 post
2299 3173 2563 3232 pugnam

344 3254 581 3336 Manlii)
641 3255 875 3335 fugiunt
917 3254 979 3313 in
1019 3250 1334 3316 Tiburtem
1370 3274 1582 3334 agrum
1605 3300 1620 3328 ,
1663 3273 1806 3313 mox
1846 3253 1909 3312 in
1950 3252 2361 3331 Campaniam.
2444 3254 2562 3312 Re-

348 3340 544 3415 deunt'
592 3354 673 3413 ad
727 3353 1011 3423 auxilium
1060 3352 1516 3421 Tiburtinorum
1567 3363 1627 3413 et
1666 3371 1705 3413 a
1745 3352 1988 3413 Servilio
2030 3352 2324 3413 dictatore
2363 3351 2562 3429 profli-

347 3464 567 3534 gantur
610 3474 749 3514 cum
791 3452 1138 3514 Tiburtinis.

447 3552 489 3634 ¹)
530 3552 671 3626 Vid.
716 3572 897 3630 supra
938 3573 998 3630 p.
1044 3572 1116 3630 91
1164 3553 1304 3612 adn.

432 3651 484 3733 2)
541 3652 666 3712 Liv.
752 3654 858 3711 VI.
933 3671 985 3711 c.
1065 3672 1163 3725 42.
1220 3650 1395 3711 Titus
1457 3649 1774 3725 Quinctius
1834 3653 2070 3711 Pennus
2132 3660 2221 3710 est
2281 3648 2560 3728 magister

347 3750 618 3829 equitum
659 3750 719 3810 in
763 3752 919 3813 bello
964 3750 1224 3825 Gallico;
1269 3750 1395 3811 Liv.
1438 3752 1574 3813 VII.
1619 3771 1673 3810 e.
1720 3760 1799 3827 9.'
1848 3752 1921 3808 T.
1967 3748 2282 3823 Quinctius
2322 3750 2558 3807 Pennus

350 3860 441 3910 est
502 3850 791 3924 dictator3
862 3848 989 3909 Liv.
1053 3852 1189 3908 VH.
1246 3870 1299 3910 c.
1363 3869 1430 3908 11
1493 3856 1520 3921 §
1563 3851 1631 3924 6,
1674 3852 1750 3908 T.
1793 3847 2107 3923 Quinctius
2150 3858 2238 3909 est
2278 3837 2557 3925 magister

349 3948 638 4025 equitum.
703 3983 784 3993 —-
845 3949 958 4009 Per
1021 3959 1228 4008 omnes
1287 3948 1470 4009 libros
1531 3947 1794 4026 singulae
1850 3967 1943 4007 res
2001 3945 2232 4024 saepius
2273 3945 2557 4023 repetitae

349 4048 585 4108 ostendi
603 4058 894 4126 possunt.
957 4049 1051 4107 Ex
1093 4068 1181 4126 gr.
1225 4048 1444 4108 bellum
1489 4046 1785 4107 Gallicum
1826 4045 1966 4105 anni
2013 4066 2123 4123 192
2169 4045 2261 4106 bis
2283 4055 2556 4104 narratus

331 4146 479 4207 Liv.
530 4149 782 4211 XXXV.
829 4166 882 4207 c.
929 4168 1002 4206 22
1048 4157 1108 4207 et
1150 4167 1203 4207 c.
1248 4167 1359 4223 403
1402 4148 1653 4207 XXXH.
1699 4166 1752 4206 c.
1800 4165 2032 4223 29—-31
2080 4153 2354 4211 narratur
2393 4143 2554 4203 idem

350 4246 515 4322 quod
573 4244 693 4307 iam
756 4247 978 4313 XXXI.
1041 4265 1096 4305 c.
1167 4265 1239 4304 10
1303 4257 1363 4305 et
1421 4265 1491 4304 21
1552 4255 1859 4305 narratum
1916 4253 2004 4304 est
2043 4242 2142 4324 (cf.
2188 4242 2398 4302 Nissen
2440 4244 2552 4302 Kr.

351 4345 593 4404 Unters.
635 4364 695 4421 p.
742 4348 818 4421 96
863 4363 949 4421 sq.
995 4354 1055 4403 et
1103 4346 1216 4421 138
1260 4343 1401 4425 sq.),
1446 4353 1506 4403 et
1545 4343 1706 4403 idem
1748 4361 1925 4420 saepe
1965 4343 2189 4401 factum
2233 4353 2339 4401 est.

2356 4449 2386 4469 ρ

2370 4464 2382 4498 d
