3375 5084
1865 390 1987 447 242

837 559 963 622 οἷπό
1029 556 1317 643 λαφύρου
1377 564 1566 638 ἄγειν
1588 611 1607 640 ,
1668 562 1851 643 quod
1908 561 2176 625 Aetolis
2221 563 2713 626 sanctissimum
2758 562 3012 626 institu-

834 686 978 738 tum
1047 697 1196 738 esse
1266 677 1491 740 ridens
1559 676 1920 740 affirmavit
1980 679 2336 760 Philippus
2396 699 2522 741 rex
2569 679 2636 759 ¹),
2713 651 3067 740 omnibus·

833 790 1105 854 Aetolis
1168 802 1314 855 erat
1373 794 1736 873 probatum
1792 803 1861 856 et
1907 804 2248 857 vetustate
2295 795 2498 857 moris
2544 794 2737 875 quasi
2784 813 3020 856 conse-

832 916 1132 982 cratum;
1223 928 1469 990 nempe
1551 909 1713 991 lege
1791 919 1937 972 erat
2010 910 2341 973 sancitum
2416 921 2493 972 ut
2566 909 3027 991 praedonibus

832 1023 1167 1088 Aetolicis
1227 1026 1443 1088 sicubi
1497 1027 1755 1089 bellum
1811 1037 2168 1109 gereretur
2184 1077 2199 1101 ‚
2247 1027 2512 1090 etiamsi
2556 1027 2626 1088 id
2674 1027 2762 1088 ad
2808 1026 3023 1088 Aeto-

830 1140 990 1202 liam
1053 1160 1480 1222 nequaquam
1539 1143 1911 1224 pertineret
1928 1191 1942 1216 ,
2005 1144 2094 1204 ab
2154 1151 2441 1224 utraque
2485 1151 2680 1224 parte
2726 1141 3021 1223 praedas

830 1277 1039 1339 agere
1085 1257 1324 1320 liceret
1341 1307 1355 1332 ‚
1401 1279 1623 1340 neque
1669 1269 1818 1321 tum
1862 1280 1904 1321 a
1951 1256 2296 1323 Societate
2342 1258 2715 1341 praedandi
2750 1258 3026 1320 veniam

826 1382 1063 1454 petere
1131 1374 1211 1435 iis
1280 1393 1449 1455 opus
1517 1385 1715 1438 esset.
1825 1374 2065 1457 Itaque
2133 1376 2318 1437 haud
2389 1375 2628 1437 iniuria
2698 1373 3025 1454 conqueri

828 1489 1140 1552 solebant
1186 1487 1462 1565 Graeci,
1508 1490 1577 1553 id
1624 1492 1905 1573 cognitu
1939 1489 2409 1554 difficillimum
2434 1510 2585 1553 esse
2610 1499 2835 1552 utrum
2859 1508 3024 1551 cum

826 1603 1098 1667 Aetolis
1161 1625 1304 1687 pax
1362 1606 1490 1668 sibi
1553 1616 1764 1681 esset,
1827 1627 1913 1668 an
1959 1607 2217 1673 bellum
2236 1656 2249 1680 ,
2298 1616 2368 1668 et
2413 1605 2559 1668 iura
2603 1605 2795 1686 pacis
2840 1604 3026 1665 male

827 1721 916 1781 ab
962 1721 1041 1782 iis
1087 1722 1342 1783 servari
1381 1722 1441 1801 ²).
1533 1719 1898 1803 Specimen
1942 1742 2107 1785 sane
2153 1721 2445 1784 offerunt
2491 1721 2752 1802 antiqui
2799 1717 3017 1783 Grae-

828 1856 1062 1898 corum
1129 1839 1391 1900 roboris
1408 1887 1421 1913 ,
1492 1839 1613 1901 sed
1675 1859 1811 1920 quo
1872 1839 1968 1901 ita
2027 1839 2131 1902 usi
2192 1840 2324 1901 sint
2341 1887 2355 1912 ,
2410 1847 2487 1901 ut
2531 1858 2757 1900 rerum
2803 1838 2893 1903 ab
2941 1837 3027 1898 iis

825 1962 1175 2035 gestarum
1243 1955 1570 2017 memoria
1637 1975 1793 2018 cum
1855 1954 2090 2018 favore
2151 1956 2264 2018 vel
2327 1955 2782 2017 delectatione
2842 1972 3027 2015 nunc

827 2070 1046 2151 repeti
1091 2071 1213 2132 vix
1256 2071 1499 2152 possit,
1545 2091 1681 2133 non
1727 2072 1948 2154 magis
1994 2092 2198 2153 quam
2241 2071 2652 2153 Illyriorum,
2685 2069 2799 2132 vel
2824 2069 3022 2151 (quos

827 2205 979 2246 cum
1026 2184 1295 2248 Aetolis
1341 2188 1762 2268 comparavit
1805 2187 2248 2251 Brandstater
2289 2207 2354 2269 p.
2407 2207 2438 2248 2
2453 2186 2553 2267 73)
2594 2185 3024 2248 Normanno-

823 2321 969 2363 rum
988 2349 1002 2375 ,
1075 2321 1250 2382 quae
1313 2302 1519 2365 etiam
1563 2303 1766 2366 bellis
1814 2313 1884 2366 et
1926 2303 2478 2385 praedationibus
2525 2301 3024 2364 contineantur.

914 2414 1054 2480 Sed
1121 2416 1340 2480 Arato
1409 2417 1819 2481 Aetolorum
1881 2440 2056 2501 gens
2116 2419 2273 2481 odio
2334 2417 2490 2492 fuit;
2539 2418 2723 2499 quod
2768 2416 3026 2499 partim

821 2532 1115 2594 invidiae
1133 2582 1147 2607 ,
1217 2534 1462 2614 partim
1528 2535 1669 2597 irae
1737 2536 1827 2596 ob
1888 2535 2215 2596 auxilium
2277 2543 2513 2597 contra
2574 2531 3028 2596 Cleomenem

823 2669 881 2710 a.
957 2669 988 2710 2
1004 2669 1079 2727 23
1152 2650 1565 2732 denegatum
1635 2659 1993 2732 susceptae
2064 2651 2241 2733 (nam
2301 2651 2359 2712 si
2419 2650 2487 2711 id
2549 2650 2992 2730 impetrasset
3011 2697 3026 2722 ‚

827 2763 1243 2827 Macedones
1288 2766 1639 2828 invocaret
1683 2785 1961 2828 necesse
2007 2786 2143 2828 non
2189 2763 2475 2845 fuisset),
2523 2763 2772 2845 partim
2810 2762 3035 2825 feroci

822 2878 1160 2942 formidini
1204 2882 1401 2944 huius
1446 2883 1739 2957 molesti,
1771 2882 2127 2957 temerarii,
2151 2881 2548 2963 potentioris
2572 2881 3024 2944 consiliorum

821 2997 1189 3059 adversarii
1257 2998 1587 3060 adscribo,
1679 2997 1859 3061 Hinc
1923 2998 2215 3080 Polybio
2277 2996 2688 3060 Aetolorum
2742 2996 3028 3058 nomine

821 3112 1149 3175 contineri
1214 3113 1480 3175 videtur
1540 3115 1969 3195 quidcunque
2030 3114 2305 3194 pessimi
2365 3113 2667 3194 exempli
2712 3112 2801 3175 sit
2817 3159 2831 3185 ,
2881 3131 3027 3172 non

824 3228 1044 3290 solum
1088 3228 1288 3292 Arati
1332 3230 1521 3291 libris
1566 3239 1804 3293 contra
1835 3250 1953 3292 eos
1983 3229 2189 3292 fidem
2219 3231 2475 3292 habere
2496 3249 2636 3291 non
2660 3228 2934 3291 dubitat
2958 3226 3028 3307 ³),

822 3508 914 3565 16.
979 3512 1067 3586 1),
1125 3505 1327 3566 Aristo
1378 3516 1617 3583 praetor
1661 3508 2011 3568 Aetolorum
2055 3526 2267 3585 pacem
2310 3527 2450 3567 cum
2492 3506 2751 3567 Achaeis
2794 3525 2859 3565 se
2904 3525 3032 3566 ser·

813 3614 1090 3664 vaturum
1133 3623 1259 3664 esse
1301 3605 1383 3664 ait
1425 3615 1483 3664 et
1526 3606 1691 3666 domi
1731 3615 1931 3666 manet
1973 3605 2102 3686 (IV.
2153 3624 2240 3683 17.
2294 3606 2385 3687 1),
2431 3607 2538 3666 sed
2581 3605 2994 3665 Dorimachus
3012 3650 3028 3678 ,

813 3702 1037 3779 Scopas
1054 3749 1068 3775 ,
1132 3703 1392 3781 Agelaus
1410 3749 1425 3777 ,
1492 3723 1631 3762 cum
1692 3703 2033 3764 Serdilaedo
2092 3704 2291 3783 Hlyrio
2346 3704 2642 3764 Achaiam
2693 3703 2996 3763 invadunt
3014 3749 3032 3776 ‚

814 3801 1184 3877 Cynaetham
1227 3800 1470 3879 capiunt
1487 3847 1501 3876 ,
1546 3801 1829 3862 Clitorem
1871 3803 2088 3861 frustra
2129 3802 2576 3881 aggrediuntur.
2645 3803 2858 3862 Paullo
2888 3811 3038 3878 post

815 3898 1176 3959 Macedones
1240 3909 1298 3960 et
1361 3899 1506 3960 socii
1561 3899 1789 3961 Aetolis
1842 3902 2062 3961 bellum
2114 3900 2404 3961 indicunt.
2450 3936 2529 3944 —-
2571 3900 2773 3962 Aetoli
2814 3909 3032 3959 autem

813 3997 1013 4071 paullo
1069 4007 1204 4075 post
1246 3998 1480 4075 Scopan
1522 4008 1858 4075 praetorem
1901 4009 2250 4060 creaverunt
2267 4046 2282 4074 ,
2327 4010 2537 4077 postea
2579 3998 3031 4059 Dorimachum

814 4090 943 4173 (IV.
989 4098 1085 4170 67.
1135 4095 1209 4175 1).

909 4190 2033 4273 ¹)P.XV111.c.4§8;c.5§1.

902 4286 2746 4375 ²)Cfr.P.IV.67§4;IV.16§4;XV111.c.5§3.

906 4383 952 4463 3)
1008 4388 1177 4459 Quae
1232 4392 1307 4448 de
1357 4391 1581 4451 Aetolis
1622 4393 1776 4452 male
1820 4392 2062 4453 tradidit
2104 4394 2386 4473 Polybius
2403 4441 2418 4469 ,
2464 4413 2683 4473 magna
2726 4414 2798 4456 ex
2842 4404 3025 4471 parte
