3375 5084
1791 358 1866 397 22

745 536 1036 600 effloruit
1051 586 1065 610 ‚
1127 534 1314 597 fulsit
1330 582 1343 607 ‚
1406 553 1571 595 mox
1632 529 2047 592 labefactata
2103 527 2327 610 gloria
2371 528 2661 591 civitatis
2705 547 2926 608 paene

744 653 1118 717 extinctum
1178 660 1312 725 est;
1373 649 1469 711 ibi
1527 648 1807 710 libertas
1852 645 2020 708 aluit
2065 654 2245 708 artes
2292 653 2362 707 et
2407 645 2496 706 ad
2539 653 2894 725 poetarum
2913 693 2929 718 ‚

742 769 1144 851 scriptorum
1161 815 1176 842 ,
1223 763 1542 847 opificum
1589 763 1913 843 cuiusque
1960 761 2231 844 generis
2264 780 2478 842 opera
2514 769 2701 823 recte
2734 760 2931 823 aesti-

737 886 986 949 manda
1048 893 1118 947 et
1177 882 1532 965 probanda
1592 888 1788 961 aptas
1854 878 2150 942 reddidit
2193 887 2457 940 mentes
2503 877 2781 953 civium;
2831 877 2927 940 ibi

736 1001 883 1065 ,fere
930 1020 1165 1067 omnes
1209 998 1395 1061 cives
1443 996 1715 1077 optimis
1760 1004 2042 1058 naturae
2089 994 2362 1058 dotibus
2414 993 2719 1083 instructi
2765 994 2930 1056 libe-

741 1118 984 1181 ralium
1046 1115 1290 1178 artium
1349 1111 1650 1176 fautores
1712 1120 1904 1174 erant
1957 1119 2027 1174 et
2072 1110 2478 1173 laudatores,
2572 1108 2714 1173 Sed
2757 1111 2930 1172 haec

741 1233 1012 1316 Polybii
1057 1239 1283 1294 aetate
1329 1230 1465 1292 iam
1503 1230 1709 1310 plane
1740 1223 2190 1312 evanuerant}
2223 1227 2465 1291 civitas
2488 1226 2929 1290 Atheniensis

741 1349 985 1413 debilis
1045 1356 1116 1411 et
1176 1355 1496 1427 corrupta
1558 1365 1599 1407 a
1642 1345 1849 1407 rebus
1894 1344 2167 1427 graecis
2212 1343 2508 1406 animum
2556 1352 2896 1406 averterat
2910 1391 2926 1423 ‚

741 1465 1021 1548 regibus
1078 1464 1523 1526 barbarorum
1586 1461 1994 1524 adulabatur
2040 1459 2092 1542 ¹).
2184 1459 2263 1522 In
2318 1459 2657 1524 communi
2703 1468 2932 1522 autem

741 1580 998 1663 ingenii
1071 1578 1306 1662 graeci
1379 1576 1769 1640 infirmitate
1843 1577 2020 1659 (nam
2096 1576 2303 1639 etiam
2378 1575 2679 1658 reliquae
2757 1576 2932 1657 parti

745 1697 1074 1762 Graeciae
1091 1745 1106 1768 ‚
1176 1695 1368 1778 quasi
1436 1694 1690 1756 lumine
1755 1694 2055 1757 omnium
2118 1692 2427 1775 gentium
2471 1691 2768 1756 Athenis
2812 1713 2929 1755 ex-

745 1814 958 1878 tincto
976 1862 990 1888 ,
1053 1812 1281 1895 caligo
1343 1812 1682 1903 quaedam
1724 1809 1967 1873 obfusa
2013 1809 2211 1892 erat),
2261 1830 2346 1872 ea
2389 1829 2549 1891 pars
2592 1808 2930 1891 Pelopon·

745 1931 892 1994 nesi
950 1929 1203 2012 primas
1263 1938 1492 2010 partes
1552 1927 1729 1991 tueri
1791 1927 2020 2009 coepit
2065 1947 2241 2010 quae
2287 1936 2491 1990 antea
2534 1926 2931 1990 florentibus

746 2048 949 2110 rebus
1010 2045 1341 2110 Graeciae
1403 2054 1639 2108 contra
1700 2044 2400 2108 Lacedaemoniorum
2445 2053 2681 2106 nutum
2729 2043 2934 2129 dicio·

747 2182 1038 2244 nemque
1098 2161 1430 2243 respirare
1491 2156 1627 2223 non
1690 2168 1991 2241 poterat:
2053 2158 2396 2222 Arcadiae
2454 2168 2597 2221 tum
2642 2158 2932 2240 primum

751 2277 1019 2360 aliquae
1083 2276 1414 2339 libertatis
1476 2284 1547 2338 et
1590 2275 1936 2357 potentiae
1982 2274 2248 2356 species
2293 2275 2701 2338 nascebatur
2717 2323 2731 2349 ,
2778 2295 2932 2337 cum

746 2393 1132 2475 respublica
1192 2391 1632 2455 Atheniensis
1694 2411 1736 2453 a
1798 2372 2060 2453 summo
2117 2389 2393 2472 fastigio
2440 2389 2902 2454 descendisset
2917 2438 2931 2464 ‚

748 2519 818 2572 et
877 2508 1060 2572 idem
1122 2518 1392 2590 tempus
1456 2527 1590 2590 quo
1652 2508 1824 2570 haec
1887 2507 2151 2569 ruinam
2213 2507 2402 2570 dedit
2452 2505 2818 2589 Messenen
2864 2515 2934 2569 et

748 2624 1119 2689 Arcadiam
1178 2645 1220 2687 a
1264 2624 1962 2687 Lacedaemoniorum
2009 2623 2467 2693 dominatione
2513 2622 2718 2704 plane
2765 2622 2930 2684 libe-

744 2741 949 2816 ravit3
1010 2739 1320 2804 Arcades
1365 2740 1573 2823 igitur
1618 2741 1706 2802 de
1752 2739 1872 2802 illo
1920 2739 2267 2821 superiore
2314 2748 2623 2820 tempore
2670 2737 2932 2821 cogita-

745 2858 912 2920 bant
978 2865 1300 2938 tanquam
1380 2856 1466 2918 de
1534 2864 1843 2937 tempore
1914 2855 2371 2937 oppressionis
2440 2875 2575 2937 quo
2637 2851 2937 2936 ,Spartae

746 2972 976 3045 robori
1033 2971 1201 3034 nihil
1249 2970 1579 3034 resistere
1639 2981 1910 3053 poterat
1962 2972 2205 3054 (nonne
2253 2971 2458 3034 etiam
2503 2970 2824 3033 Athenae
2873 2971 2936 3033 ei

751 3087 1247 3150 succubuerant
1262 3086 1309 3168 P)
1326 3135 1340 3161 ‚
1404 3096 1474 3149 et
1534 3087 1620 3149 de
1681 3089 1886 3150 rebus
1934 3085 2265 3150 Graeciae
2312 3086 2773 3169 superioribus
2816 3086 2935 3148 ini-

752 3222 959 3285 quum
1026 3201 1338 3265 ferebant
1397 3202 1718 3265 iudicium
1734 3252 1748 3278 ‚
1813 3203 1996 3285 quod
2055 3202 2456 3284 praesertim
2514 3202 2621 3265 his
2668 3203 2934 3266 duobus

754 3319 958 3382 rebus
1004 3318 1360 3382 claudicat.
1431 3318 1732 3383 Primum
1779 3320 1959 3383 enim
2002 3340 2139 3382 non
2184 3319 2478 3383 Athenis
2501 3320 2625 3382 sed
2649 3316 2939 3401 Spartae

752 3434 1143 3517 primarium
1190 3434 1416 3498 locum
1447 3436 1921 3518 assignabant3
1956 3433 2206 3518 Sparta
2229 3455 2499 3518 semper
2522 3434 2939 3499 Graecarum

753 3550 1103 3615 civitatum
1165 3551 1482 3634 princeps
1498 3601 1512 3627 ‚
1575 3551 1906 3616 Graeciae
1967 3551 2378 3616 dominatrix
2422 3553 2629 3635 (certe
2675 3551 2940 3615 nonnisi

751 3667 1075 3731 brevibus
1158 3667 1527 3732 interiectis
1610 3669 1935 3751 temporis
2017 3668 2393 3732 intervallis
2445 3667 2510 3751 2))
2584 3667 2791 3732 fuisse
2858 3666 2941 3729 iis

843 3883 884 3965 ¹)
927 3886 992 3944 P.
1035 3887 1108 3943 V.
1160 3889 1271 3945 106
1314 3892 1341 3957 ξ
1387 3903 1437 3962 7.
1504 3886 1625 3945 Cfr.
1666 3887 1733 3945 P.
1768 3887 1936 3957 XVI.
1965 3906 2016 3946 c.
2051 3905 2122 3964 25
2155 3885 2526 3948 adulationes
2554 3884 2680 3967 regi
2704 3885 2944 3946 Prusiae

751 3984 999 4044 oblatas.
1112 4011 1117 4017 ·

833 4081 883 4163 2)
946 4086 1155 4162 Itaque
1221 4082 1448 4145 civibus
1503 4083 1967 4144 Atheniensibus
2021 4083 2352 4163 praemium
2408 4084 2641 4146 virtutis
2683 4085 2741 4145 in
2789 4085 2944 4145 bello

751 4200 887 4241 cum
943 4182 1133 4243 Persis
1187 4193 1356 4261 gesto
1410 4182 1728 4261 praestitae
1784 4182 1958 4243 fuisse
2017 4183 2164 4243 dicit
2204 4186 2271 4244 P.
2313 4185 2478 4262 quod
2523 4192 2678 4265 „napi
2715 4198 2808 4254 τῆς
2843 4197 2945 4245 τῶν

752 4284 920 4342 ἄλλων
949 4280 1206 4348 Ἐλλήνων
1233 4290 1512 4361 ἡγεμονίας
1540 4282 1646 4361 μετ’
1680 4287 1855 4362 ὀλίγον
1888 4289 2330 4366 ἠμφεσβήτουν
2374 4290 2523 4362 πρὸς
2565 4290 2945 4363 Λακεδαιμο·

749 4389 922 4448 νίους
962 4380 1049 4462 (P.
1093 4382 1433 4440 XXXVIII.
1484 4382 1550 4439 Ib
1590 4388 1618 4452 ξ
1659 4378 1738 4463 4).
