3375 5084
1840 356 1957 414 172

804 537 909 591 est
953 537 1024 591 et
1069 528 1652 591 animadversione
1701 529 1985 611 dignum
2002 577 2016 603 ,
2064 527 2431 609 Polybium
2474 547 2612 590 non
2642 528 2990 592 addidisse

803 644 965 725 quid
1022 645 1152 726 ipsi
1214 645 1299 707 de
1366 645 1497 707 hac
1541 664 1616 706 re
1661 644 1882 707 visum
1928 644 2030 707 sit.
2079 680 2162 688 —
2212 642 2607 707 Praefectus
2652 654 2798 707 tum
2845 664 2986 707 cre-

802 768 953 822 atus
1000 769 1105 822 est
1150 760 1480 842 equitatui
1526 760 1600 822 P.
1619 808 1633 834 ‚
1680 758 1963 823 Archon
1992 769 2285 841 praetor.
2355 759 2634 823 Accidit
2656 769 2887 823 autem
2912 769 2988 823 ut

800 876 1036 957 paullo
1110 886 1267 958 post
1342 877 1431 939 ad
1508 877 1891 940 contionem
1970 879 2376 943 accederent
2454 877 2671 959 legati
2736 876 2960 940 Attali
2977 927 2991 952 ,

799 990 1022 1054 fratris
1067 991 1387 1054 Eumenis
1402 1040 1415 1065 ,
1463 992 1580 1073 qui
1609 1001 1799 1067 tunc,
1833 993 2134 1055 nondum
2161 992 2514 1055 calumniis
2539 994 2991 1067 obtrectatuS,

799 1104 1019 1168 fidelis
1065 1107 1535 1170 Romanorum
1583 1107 1841 1170 amicus
1883 1108 2271 1171 habebatur
2287 1156 2300 1182 ,
2350 1118 2621 1171 orantes
2666 1117 2742 1170 ut
2772 1109 2989 1170 hono-

804 1243 912 1285 res
957 1223 1243 1286 Eumeni
1291 1223 1453 1285 olim
1500 1224 1758 1286 decreti
1801 1224 2331 1287 restituerentur.
2399 1224 2685 1287 Archon
2713 1233 2995 1306 praetor

800 1358 1023 1420 pauca
1083 1339 1356 1420 quidem
1424 1359 1550 1421 pro
1610 1339 1694 1402 iis
1760 1341 1975 1402 verba
2043 1338 2204 1402 fecit
2221 1388 2235 1414 ‚
2305 1339 2427 1402 sed
2489 1359 2653 1402 mox
2700 1340 2993 1414 destitit,

799 1463 1110 1517 metuens
1185 1474 1271 1516 ne
1340 1454 1512 1517 lucri
1582 1475 1787 1518 causa
1852 1456 1986 1518 hoc
2056 1474 2268 1537 agere
2333 1455 2696 1545 videretur.
2812 1456 2996 1518 Tum

799 1570 1131 1651 Polybius
1190 1570 1471 1652 longam
1528 1571 1772 1634 habuit
1835 1571 2211 1634 orationem
2228 1620 2241 1646 ,
2303 1590 2438 1652 qua
2489 1570 2793 1634 Achaeis
2838 1591 2993 1653 per-

800 1687 1013 1749 suasit
1078 1696 1156 1750 ut
1220 1686 1462 1750 Attalo
1524 1708 1784 1750 morem
1845 1697 2165 1769 gererent
2204 1683 2264 1770 1).
2330 1724 2414 1732 -
2476 1687 2742 1751 Eodem
2812 1707 2994 1750 anno

802 1803 1131 1884 Polybius
1190 1804 1464 1885 legatus
1518 1804 1588 1866 in
1631 1803 2060 1866 Thessaliam
2105 1804 2347 1866 missus
2394 1812 2499 1866 est
2545 1806 2634 1866 ad
2680 1802 2760 1885 Q.
2809 1803 2995 1866 Mar-

801 1920 980 1982 cium
998 1968 1011 1994 ,
1059 1920 1315 1982 auxilia
1359 1919 1798 1983 Achaeorum
1845 1920 2229 1996 oblaturus;
2277 1920 2574 1984 Marcius
2620 1930 2767 1984 tum
2811 1919 2998 1983 forte

798 2036 868 2098 in
928 2056 1011 2098 eo
1072 2045 1219 2099 erat
1277 2045 1352 2099 ut
1412 2039 1539 2100 sub
1600 2035 1972 2118 Olympum
2018 2046 2320 2100 montem
2366 2037 2841 2100 Macedoniam
2892 2036 2992 2099 in-

801 2161 1012 2215 traret
1027 2201 1041 2227 ‚
1089 2153 1417 2235 Polybius
1463 2173 1715 2236 agmen
1760 2162 2032 2216 secutus
2077 2154 2471 2217 mandatum
2517 2172 2652 2215 non
2699 2151 2997 2234 perfecit

804 2276 1169 2349 antequam
1229 2267 1552 2332 Heraclei
1611 2268 2078 2332 consedissent
2121 2269 2454 2344 Romani;
2500 2278 2644 2332 tum
2689 2267 2998 2351 benigne

801 2392 1088 2463 accepto
1142 2383 1415 2446 auxiliis
1468 2403 1606 2446 non
1651 2404 1824 2466 opus
1871 2404 2023 2447 esse
2069 2403 2469 2466 responsum
2514 2385 2578 2447 ei
2625 2396 2747 2447 est.
2838 2383 2998 2446 Ali-

802 2499 1121 2579 quamdiu
1189 2499 1395 2562 etiam
1455 2500 1526 2562 in
1587 2500 1826 2562 castris
1888 2509 2189 2563 moratus
2252 2510 2357 2563 est
2375 2548 2389 2575 ,
2447 2520 2582 2581 qua
2629 2499 2999 2563 occasione

802 2615 1035 2678 oblata
1096 2615 1395 2678 Marcius
1457 2636 1617 2678 eum
1671 2615 2037 2698 prohibere
2082 2616 2276 2679 iussit
2318 2637 2407 2680 ne
2452 2615 2722 2679 Achaei
2767 2616 3001 2679 mitte-

802 2741 952 2794 rent
999 2732 1230 2812 copias
1276 2733 1364 2794 ab
1411 2732 1647 2814 Appio
1695 2731 2000 2796 Centone
2047 2733 2162 2815 qui
2208 2742 2353 2795 tum
2398 2733 2467 2794 in
2512 2732 2750 2814 Illyria
2795 2752 3000 2795 exer-

802 2847 1008 2910 citum
1080 2848 1380 2911 habebat
1397 2897 1410 2923 ,
1480 2858 1789 2930 rogatas3
1864 2849 2056 2912 cuius
2124 2849 2425 2911 mandati
2493 2847 2850 2930 perfidiam
2929 2858 3004 2911 et

801 2964 1033 3026 dolum
1076 2974 1239 3026 tunc
1284 2973 1469 3027 certe
1514 2984 1652 3027 non
1697 2966 1908 3028 sensit
1938 2965 2269 3047 Polybius
2293 2964 2355 3047 ²).
2407 2965 2517 3027 Ex
2540 2965 2645 3028 his
2672 2965 2997 3028 omnibus

799 3077 1085 3141 fortasse
1135 3078 1440 3143 effecerit
1485 3080 1821 3162 quispiam
1867 3080 2236 3162 Polybium
2283 3101 2438 3144 cum
2483 3079 2808 3144 Archone
2859 3090 3000 3144 ste-

802 3193 962 3256 tisse
981 3242 994 3268 ,
1052 3203 1141 3263 et,
1167 3195 1393 3257 omnia
1437 3197 1526 3258 ab
1574 3216 1658 3258 eo
1705 3196 2041 3259 Romanis
2089 3196 2307 3260 amica
2351 3196 2576 3259 fuisse.
2667 3195 3000 3259 Fortasse

801 3309 1076 3390 quidem
1138 3331 1221 3373 eo
1270 3311 1550 3373 consilio
1597 3311 1852 3393 scripta
1896 3321 2061 3374 sunt
2100 3321 2177 3375 ut
2221 3312 2398 3375 hanc
2444 3313 2744 3393 speciem
2790 3332 3000 3393 prae-

798 3428 1071 3501 berent,
1164 3445 1574 3508 quamquam
1650 3428 1902 3490 diserte
1983 3447 2120 3490 non
2196 3427 2481 3490 additur.
2607 3424 2750 3491 Sed
2823 3426 3003 3490 mihi

801 3541 1191 3605 credibilius
1236 3542 1507 3605 videtur
1552 3542 1921 3624 Polybium
1968 3544 2057 3605 ad
2101 3562 2351 3604 annum
2406 3546 2525 3622 167
2575 3562 2792 3623 usque
2832 3563 2999 3605 cum

800 3657 1100 3739 Lycorta
1160 3653 1371 3739 'quam
1440 3679 1593 3721 cum
1662 3659 1988 3723 Archone
2055 3659 2316 3722 fecisse.
2417 3658 2654 3721 Verba
2714 3659 3000 3740 quidem

798 3773 962 3837 fecit
1019 3794 1146 3856 pro
1206 3774 1512 3838 Eumene
1573 3776 1793 3838 amico
1857 3776 2330 3843 Romanorum
2347 3824 2362 3851 ‚
2423 3775 2630 3855 idque
2660 3764 2999 3838 'consulto

802 3902 1019 3972 urget.
1113 3887 1255 3954 Sed
1299 3890 1611 3966 Archon,
1661 3911 1866 3972 quem
1911 3893 2246 3956 Romanis
2291 3902 2436 3955 tum
2481 3891 2716 3954 favere
2746 3901 2996 3954 notum

806 4016 953 4070 erat
971 4057 985 4083 ,
1031 4007 1104 4069 id
1148 4006 1377 4071 facere
1422 4029 1560 4070 non
1606 4029 1808 4072 ausus
1856 4019 1988 4086 est;
2023 3999 2263 4093 opinor
2290 4018 2571 4092 propter
2593 4028 2745 4071 eam
2768 4009 2996 4090 ipsam

889 4277 932 4353 ¹)
973 4280 1040 4337 Ρ.
1080 4281 1362 4339 XXVIII.
1408 4300 1459 4339 c.
1508 4297 1560 4354 7.

883 4374 934 4455 2>
972 4378 1034 4435 Ρ.
1081 4378 1362 4438 XXVIII.
1405 4398 1457 4438 c.
1510 4400 1581 4437 10
1626 4398 1710 4455 sq.
