3375 5084
1791 372 1873 431 70

740 552 975 625 gestas
1021 552 1345 625 tanquam
1390 543 1759 625 prudenter
1776 593 1792 617 ,
1838 546 2074 626 pulcre
2091 594 2105 619 ,
2151 545 2414 609 fortiter
2459 511 2667 609 actas·
2690 544 2928 608 effere-

739 661 860 723 bat
879 708 892 734 ,
955 660 1289 722 Romanis
1348 660 1525 723 hanc
1587 661 1862 723 laudem
1908 661 2341 737 detrahebat;
2389 662 2640 724 Fabius
2687 673 2923 725 contra

741 776 1095 838 Romanos
1154 776 1468 840 laudibus
1500 778 1850 840 extollere
1896 779 2074 841 solet
2090 827 2104 853 ,
2152 778 2422 841 Poenos
2468 789 2921 842 contemnere.

745 892 1070 956 Consulto
1132 912 1252 955 eos
1313 893 1630 956 mentitos
1693 914 1843 956 esse
1896 914 2033 957 non
2080 894 2457 969 contendit,
2504 896 2626 957 sed
2671 895 2886 975 inquit
2904 944 2920 975 ‚

742 1017 1033 1089 uterque,
1097 1009 1349 1072 amanti
1416 1009 1633 1072 simile
1696 1009 1858 1090 quid
1918 1010 2063 1092 pati
2123 1010 2286 1073 mihi
2347 1010 2617 1073 videtur
2656 1006 2729 1091 1);
2797 1011 2929 1073 hoc

742 1124 908 1187 vitio
954 1121 1266 1188 laborant

1674 1291 1687 1304 .
1715 1291 1729 1304 .
1777 1252 2153 1306 amatorem
2197 1243 2381 1323 quod
2427 1243 2686 1319 amicae

810 1357 1066 1439 Turpia
1112 1357 1463 1439 decipiunt·
1502 1378 1781 1421 caecum
1829 1358 1995 1421 vitia
2011 1408 2025 1434 ,
2073 1369 2191 1421 aut
2236 1358 2441 1421 etiam
2486 1360 2635 1440 ipsa
2679 1358 2850 1421 haec

810 1472 1210 1548 Delectant,
1256 1473 1471 1537 veluti
1513 1473 1881 1536 Balbinum
1926 1475 2223 1556 polypus
2269 1475 2565 1557 Hagnae
2605 1475 2666 1555 ²).

746 1588 916 1653 Cum
962 1590 1048 1652 de
1093 1588 1310 1653 Fabio
1355 1600 1497 1653 tum
1545 1592 1631 1653 de
1677 1591 1955 1672 reliquis
2000 1611 2224 1653 rerum
2260 1611 2690 1655 romanarum
2720 1592 2926 1673 scrip-

746 1706 1006 1769 toribus
1066 1727 1151 1769 ea
1212 1727 1386 1789 quae
1450 1708 1722 1770 aliunde
1783 1718 1949 1771 nota
2008 1718 2164 1772 sunt
2224 1709 2358 1771 hoc
2403 1680 2723 1771 iudicium
2769 1709 2935 1771 satis

746 1823 1038 1903 probare
1105 1822 1435 1886 videntur.
1551 1823 1728 1886 Nam
1803 1833 1880 1887 ut
1946 1823 2052 1886 his
2118 1824 2444 1906 quidquid
2510 1825 2930 1906 reipublicae

746 1940 929 2002 bono
988 1940 1137 2002 usui
1196 1940 1445 2004 accidit
1503 1950 1810 2003 sanctum
1879 1952 1949 2004 et
1993 1941 2241 2004 iustum
2258 1990 2272 2016 ,
2321 1941 2648 2023 quidquid
2695 1950 2932 2004 contra

749 2055 1239 2137 rempublicam
1300 2055 1553 2119 factum
1615 2068 1720 2120 est
1779 2056 2110 2120 nefarium
2157 2058 2425 2120 videtur
2438 2105 2454 2130 ,
2502 2057 2598 2120 sic
2643 2056 2933 2119 Fabium

749 2181 1106 2254 praeterea
1167 2173 1373 2235 etiam
1432 2174 1661 2255 gentis
1712 2195 1886 2236 -suae
1947 2174 2240 2257 gloriam
2296 2174 2365 2236 in
2411 2174 2765 2237 annalibus
2809 2174 2933 2235 ali-

752 2298 1075 2370 quantum
1145 2288 1324 2351 ultra
1391 2309 1594 2370 quam
1662 2289 1909 2352 iustum
1972 2290 2060 2354 sit
2122 2290 2456 2352 extollere
2516 2309 2694 2352 nunc
2753 2292 2942 2370 apud

753 2425 988 2469 omnes
1035 2414 1302 2479 constat
1339 2404 1400 2485 ³).

1182 2632 1327 2702 ΠΙ.
1419 2632 1717 2704 Bellum
1760 2632 2132 2705 Punicum
2167 2632 2510 2725 primum.

844 2868 1089 2934 Omnia
1135 2891 1309 2953 quae
1357 2873 1444 2934 de
1490 2872 1624 2934 hoc
1668 2871 1858 2935 bello
1902 2872 2099 2934 nobis
2145 2873 2394 2935 tradita
2423 2882 2783 2954 supersunt
2799 2920 2813 2945 ,
2842 2872 2941 2934 ita

755 2987 1078 3069 distingui
1122 3007 1326 3068 posse
1371 2987 1690 3051 videntur
1732 2999 1808 3051 ut
1838 2987 2215 3051 referantur
2244 2999 2362 3051 aut
2392 2989 2483 3050 ad
2505 2988 2940 3051 traditionem

754 3111 1060 3165 veterem
1104 3102 1493 3165 Romanam
1538 3114 1656 3166 aut
1701 3105 1791 3165 ad
1820 3103 2251 3167 traditionem
2284 3103 2935 3186 Carthaginiensem,

758 3228 876 3280 aut
942 3219 1030 3280 ad
1098 3218 1529 3282 traditionem
1596 3220 1986 3282 Romanam
2054 3220 2500 3283 recentiorem
2563 3231 2634 3283 et
2698 3239 2942 3301 parurn

757 3332 981 3397 fidam.
1085 3333 1323 3416 Itaque
1392 3335 1509 3397 alii
1561 3335 1605 3417 4)
1674 3336 1985 3398 omnibus
2053 3337 2250 3399 huius
2317 3336 2483 3398 belli
2552 3335 2944 3398 auctoribus

849 3596 889 3678 ¹)
936 3599 1088 3657 P.]L
1139 3616 1230 3670 14.

836 3695 888 3777 2)
931 3698 1085 3756 Hor.
1126 3696 1245 3755 Sat.
1290 3699 1334 3754 Ι.
1381 3716 1436 3772 3.
1482 3698 1557 3771 58
1602 3715 1731 3772 sqq.

841 3795 890 3877 3)
946 3795 1117 3870 Quae
1180 3805 1390 3856 contra
1452 3797 1766 3872 Polybium
1828 3793 2021 3854 minus
2087 3803 2426 3853 constanter
2488 3792 2722 3870 scripsit
2776 3795 2955 3853 Peter

756 3894 914 3955 Hist.
972 3897 1049 3954 R.
1106 3897 1180 3955 R.
1226 3915 1284 3972 p.
1329 3896 1641 3953 LXXXV,
1671 3893 1792 3953 iam
1837 3892 1977 3952 satis
2018 3894 2422 3953 refutaverunt
2463 3892 2705 3952 Nitzsch
2746 3892 2954 3973 (Rom.

755 3993 942 4075 Ann.)
983 4004 1043 4054 et
1082 3994 1338 4072 Neuling
1377 3993 1437 4074 (l.
1480 3995 1518 4053 1.
1562 4014 1621 4071 p.
1667 3992 1747 4074 9).

846 4092 896 4175 4)
953 4096 999 4152 I.
1057 4093 1314 4171 Neuling
1368 4092 1427 4151 in
1483 4076 1737 4152 dissertf
1760 4112 1897 4151 cum
1939 4111 2084 4150 cura
2126 4090 2348 4168 scripta
2389 4111 2569 4168 quam
2612 4092 2794 4151 modo
2834 4092 2963 4150 lau-

756 4192 915 4253 davi.
1020 4194 1120 4252 Ab
1189 4212 1261 4254 eo
1324 4191 1608 4252 dissentio
1670 4193 1747 4251 de
1809 4189 2153 4249 auctoribus
2216 4188 2484 4249 Diodori.
2593 4190 2711 4249 Cfr.
2776 4189 2960 4249 etiam

759 4291 1064 4352 Michaelis
1081 4339 1097 4367 ‚
1155 4290 1527 4369 quaestiones
1579 4292 1654 4351 de
1698 4290 1854 4351 bello
1896 4288 2122 4349 Punico
2165 4288 2359 4366 primo
2377 4334 2391 4360 ,
2435 4288 2595 4348 Trai.
2640 4289 2718 4348 ad
2760 4290 2962 4348 Rhen.

766 4392 939 4466 1846.
