3375 5084
1810 334 1885 392 16

748 522 1053 585 fluxisset
1069 570 1083 596 ‚
1130 522 1311 583 omni
1356 531 1591 602 stupro
1639 530 1709 583 et
1742 522 2062 584 dedecori
2093 522 2359 585 deditos
2373 568 2389 594 ,
2421 522 2625 584 nullis
2656 521 2932 605 flagitiis

746 659 882 701 non
942 638 1354 718 inquinatos,
1405 637 1695 717 denique
1744 637 2037 700 lascivos
2054 687 2068 712 ,
2116 638 2451 720 litigiosos
2470 686 2484 712 ‚
2531 639 2897 700 mendaces
2915 685 2931 711 ,

748 757 1081 827 bonorum
1149 754 1523 816 alienorum
1587 752 1870 834 cupidos
1928 753 2133 816 fuisse
2190 754 2389 834 dicit;
2437 755 2559 817 sed
2604 754 2734 835 ipsi
2780 753 2937 816 Phi—

751 871 939 952 lippo
1024 870 1156 932 hoc
1233 878 1495 931 tantum
1564 869 2007 949 exprobravit
2074 871 2258 951 quod
2325 870 2383 932 is
2451 870 2934 933 consuetudine

749 997 1138 1069 potatorum
1201 997 1271 1049 et
1317 986 1694 1049 aleatorum
1739 987 1961 1069 magis
2008 988 2465 1050 delectaretur
2509 1007 2714 1068 quam
2757 986 2937 1068 frugi

751 1104 1099 1167 hominum
1116 1151 1130 1176 ,
1178 1104 1362 1184 quod
1406 1103 1474 1165 in
1520 1103 1678 1165 vino
1725 1103 2184 1184 intemperans
2216 1111 2422 1177 esset,
2457 1085 2728 1167 omnino
2752 1103 2934 1184 quod

748 1220 1018 1284 divitias
1079 1239 1247 1300 quas
1309 1239 1600 1302 magnas
1656 1220 2039 1301 possideret
2082 1240 2219 1282 non
2264 1220 2484 1282 solum
2528 1220 2937 1283 liberalitate

753 1346 1180 1400 consumeret
1197 1384 1211 1410 ,
1281 1336 1404 1398 sed
1466 1336 1672 1398 etiam
1734 1335 2176 1417 profunderet
2238 1346 2309 1399 et
2369 1338 2688 1418 perderet
2746 1337 2939 1417 quasi

746 1453 950 1533 plane
996 1452 1274 1533 ignarus
1319 1452 1651 1532 pecuniae
1699 1451 2294 1514 administrandae.
2365 1451 2591 1514 Etiam
2638 1451 2940 1532 explicat

747 1567 1235 1648 Theopompus
1281 1586 1587 1630 causam:
1637 1576 1785 1629 erat
1832 1561 2193 1647 Philippus
2238 1566 2509 1628 rudiore
2556 1586 2636 1628 ac
2667 1565 2940 1628 militari

746 1681 1022 1764 ingenio
1040 1730 1054 1755 ,
1099 1681 1454 1762 voluptate
1502 1690 1572 1743 et
1603 1679 2118 1763 magnificentia
2150 1691 2511 1744 consuetus
2525 1728 2539 1756 ,
2567 1691 2637 1744 et
2658 1681 2940 1763 negotia

746 1796 1063 1859 militaria
1143 1796 1683 1877 praepediebant
1766 1816 2000 1860 curam
2067 1797 2166 1858 rei
2234 1795 2581 1859 familiaris
2629 1793 2688 1877 1).
2799 1795 2939 1860 Sed

748 1914 921 1976 haec
978 1912 1407 1994 Theopompi
1454 1914 1667 1993 verba
1715 1913 1791 1976 P.
1841 1933 1976 1976 non
2026 1913 2361 1987 laudavit;
2409 1911 2808 1975 Athenaeus
2855 1933 2940 1975 ea

751 2030 947 2092 nobis
1031 2029 1324 2092 tradidit.
1434 2029 1674 2110 Itaque
1745 2030 1850 2091 his
1921 2029 2185 2092 omissis
2253 2029 2552 2110 speciem
2620 2019 2939 2109 imposuit

756 2145 1187 2226 Theopompi
1244 2144 1472 2207 verbis
1535 2145 1726 2225 quasi
1772 2145 1829 2206 is
1874 2147 2122 2208 acerbe
2167 2145 2237 2207 in
2281 2145 2675 2226 Philippum
2720 2144 2940 2225 ipsum

750 2262 1056 2323 invectus
1127 2260 1229 2323 sit.
1303 2298 1385 2305 ——
1457 2260 1742 2323 Revera
1808 2261 2297 2342 Theopompus
2363 2261 2530 2323 nihil
2601 2261 2747 2343 egit
2816 2261 2942 2322 nisi

754 2378 968 2457 quod,
1015 2376 1350 2439 rhetorice
1397 2396 1542 2438 rem
1590 2396 1852 2458 augens
1900 2386 1969 2438 et
2016 2378 2381 2438 verborum
2412 2377 2643 2456 specie
2669 2377 2711 2457 2)
2744 2396 2939 2439 exor-

750 2513 946 2566 nans,
1033 2492 1352 2555 iudicium
1439 2513 1481 2554 a
1562 2493 2032 2556 Demosthene
2112 2493 2198 2554 de
2269 2492 2590 2573 Philippo
2661 2493 2936 2572 eiusque

756 2608 1325 2671 commilitonibus
1386 2609 1599 2672 latum
1659 2608 1995 2689 repetivit.
2111 2607 2178 2669 Is
2249 2608 2427 2669 enim
2445 2656 2459 2682 ,
2525 2606 2801 2689 Olynth.
2861 2608 2937 2669 Β.

752 2730 783 2800 5
855 2743 926 2803 17
996 2743 1140 2805 sqq.
1204 2724 1286 2806 (p.
1354 2723 1456 2804 23)
1502 2723 1645 2787 fere
1694 2724 1935 2786 eadem
1981 2723 2187 2786 tradit
2231 2742 2406 2803 quae
2451 2722 2939 2804 Theopompus

753 2839 828 2902 fr.
882 2861 1006 2919 249
1056 2840 1366 2902 Mueller.
2315 2864 2320 2879 =

844 2955 1151 3018 Intactae
1216 2963 1492 3017 manent
1552 2973 1708 3017 curn
1755 2955 1941 3036 apud
1984 2954 2521 3016 Demosthenem
2566 2964 2710 3017 tum
2756 2954 2939 3035 apud

754 3071 1280 3150 Theopompum
1351 3069 1664 3150 ingentes
1746 3069 2047 3150 Philippi
2106 3069 2361 3151 ingenii
2422 3070 2603 3132 vires
2643 3068 2685 3150 3)
2703 3118 2717 3144 ,
2776 3069 2976 3131 mira*

758 3184 1137 3247 constantia
1173 3182 1218 3263 ⁴)
1239 3232 1253 3258 ,
1312 3183 1668 3266 vigilantia
1687 3232 1703 3258 ‚
1749 3184 2074 3247 industria
2117 3185 2333 3246 maior
2376 3184 2519 3248 fere
2566 3204 2769 3266 quam
2813 3203 2939 3266 pro

756 3298 1025 3361 mortali
1063 3298 1127 3379 ⁵).
1226 3297 1730 3361 Demosthenes
1790 3298 1971 3360 idem
2022 3298 2196 3361 -dicit
2256 3300 2439 3379 quod
2499 3298 2827 3380 Polybius
2861 3297 2906 3378 ³>
2924 3346 2938 3371 ,

839 3561 884 3641 ¹)
925 3561 994 3619 fr.
1043 3580 1157 3636 249
1200 3558 1497 3640 (Mueller)
1540 3560 1682 3619 Ath.
1729 3561 1833 3618 IV.
1877 3579 1933 3635 p.
1981 3561 2092 3617 166
2123 3557 2334 3617 eadem
2365 3559 2486 3617 fere
2514 3577 2668 3634 quae
2688 3559 2754 3615 P.
2776 3558 2943 3615 VIII.

750 3681 799 3719 e.
872 3679 941 3719 12
1002 3679 1034 3718 e
1089 3658 1486 3736 Theopompo
1539 3658 1744 3718 laudat
1761 3704 1776 3732 ‚
1834 3658 1938 3717 sed
1994 3654 2318 3733 praemissa
2366 3665 2535 3732 parte
2591 3674 2768 3732 quam
2812 3655 2940 3714 Pol.

678 3782 681 3785 ·
753 3757 966 3819 omisit.
1053 3759 1277 3817 Totum
1316 3758 1715 3836 fragmentum
1758 3765 1919 3815 recte
1955 3751 2299 3830 *composuit
2339 3752 2604 3813 Wichers
2643 3754 2678 3811 1.
2722 3754 2757 3811 1.

835 3856 885 3939 ²)
942 3855 1305 3933 „Adamavit
1360 3857 1788 3933 Theopompus
1844 3851 2199 3922 ἀντιθέσεις,”
2255 3850 2338 3911 ait
2391 3851 2686 3925 Wichers,
2744 3852 2947 3927 quales

750 3962 1053 4037 ἀνδροφόνοι
1090 3990 1166 3997 ·-
1210 3960 1571 4035 ἀνδρόπορνοι,
1619 3963 1678 4013 et
1723 3953 1912 4012 multa
1952 3949 2068 4010 alia
2107 3952 2378 4027 exempla
2418 3949 2603 4011 addit.

843 4052 890 4134 3)
933 4056 1105 4112 Dem.
1152 4072 1211 4128 p.
1261 4054 1333 4111 18
1375 4054 1474 4110 fin.
1854 4067 1856 4069 ’

838 4150 888 4232 4)
932 4155 1103 4211 Dem.
1151 4172 1208 4228 p.
1260 4169 1391 4226 247.
1440 4171 1495 4226 9.

838 4249 889 4330 ⁵)
930 4253 1103 4309 Dem.
1149 4270 1208 4326 p.
1255 4266 1348 4325 52.
1395 4269 1462 4324 93
1507 4268 1561 4324 p.
1614 4262 1711 4324 54.
1756 4266 1825 4321 93
1871 4264 1931 4321 p.
1981 4263 2049 4302 12
2096 4263 2214 4320 sq;
2259 4266 2317 4321 p.
2364 4248 2500 4321 362.
2551 4265 2619 4304 11
2666 4243 2823 4304 alibi.

841 4348 888 4428 ⁰)
937 4351 1107 4406 Dem.
1167 4368 1224 4424 p.
1289 4367 1378 4405 11.
1440 4364 1531 4422 25.
1594 4379 1662 4386 -
1726 4344 1854 4403 Pol.
1909 4343 2075 4400 VIII.
2140 4362 2210 4400 12
2266 4351 2293 4413 §
2349 4346 2417 4417 6,
2475 4345 2549 4401 V.
2600 4362 2653 4402 c.
2703 4362 2774 4400 10
2817 4349 2845 4412 ξ
2893 4363 2944 4400 1.
