3375 5084
1838 381 1923 437 40

875 551 1205 615 Homines
1265 562 1494 616 autem
1511 600 1528 625 ,
1591 554 1686 615 ait
1702 601 1716 627 ,
1782 573 1938 615 cum
1988 562 2146 633 post
2192 554 2515 615 diluvium
2564 548 2968 631 congregati

788 669 1012 731 denuo
1073 678 1329 743 essent,
1396 670 1460 732 ei
1514 669 1940 733 obediverint
1983 690 2264 732 necesse
2312 678 2415 732 est
2433 717 2448 743 ,
2495 668 2611 750 qui
2656 665 2970 729 maximis

785 784 1042 847 viribus
1111 784 1312 846 animi
1374 794 1445 848 et
1505 786 1751 847 robore
1813 786 2114 866 corporis
2173 805 2291 847 eos
2350 782 2730 846 defendere.
2761 790 2831 844 et
2875 779 2967 841 ad

787 901 1246 964 obedientiam
1291 921 1543 984 cogere
1588 911 1823 983 posset
1867 902 1942 984 (e.
1993 922 2028 980 5
2079 907 2111 978 5
2162 901 2235 983 7).
2322 902 2501 965 Num
2548 916 2788 961 revera
2832 897 2969 958 hoc

787 1017 885 1079 ita
944 1025 1221 1099 gestum
1282 1017 1369 1079 sit
1424 1017 1630 1100 (quod
1679 1017 2124 1080 vehementer
2169 1016 2465 1098 dubito),
2511 1035 2673 1077 num
2719 1035 2758 1076 e
2802 1011 2970 1095 pris-

787 1150 1021 1193 corum
1082 1130 1485 1212 scriptorum
1503 1180 1517 1206 ,
1577 1141 1655 1194 ut
1716 1131 1999 1195 Homeri
2016 1181 2031 1208 ,
2099 1132 2507 1196 carminibus
2567 1129 2824 1212 aliquid
2881 1128 2970 1189 de

785 1246 867 1309 iis
912 1247 1119 1308 rebus
1165 1247 1488 1328 cognosci
1536 1247 1753 1329 possit
1798 1247 1894 1329 (ut
1940 1257 2173 1311 censet
2216 1246 2471 1328 Plato);
2518 1265 2679 1308 num
2711 1242 2969 1325 aliquid

785 1360 1050 1425 intersit
1114 1361 1326 1436 „inter
1370 1362 1937 1443 patriarcharum''
1983 1343 2053 1426 et
2082 1364 2349 1444 regium
2380 1361 2736 1443 imperium
2752 1408 2766 1433 ,
2796 1359 2972 1420 haec

785 1478 1115 1560 indagare
1182 1497 1318 1540 non
1361 1479 1532 1542 tanti
1577 1498 1729 1542 esse
1774 1480 2046 1542 videtur
2088 1479 2416 1561 Polybio;
2471 1496 2787 1553 „necesse
2836 1472 2973 1537 est’'

785 1591 1083 1677 (ἀνάγκη)
1145 1594 1272 1668 ait;
1331 1593 1516 1657 ferae
1578 1595 1759 1657 enim
1805 1595 2010 1657 etiam
2055 1595 2150 1658 ita
2194 1595 2467 1669 vivunt,
2515 1588 2611 1668 οἷς
2658 1593 2803 1673 ὅρος
2849 1590 2970 1670 μέν

788 1711 920 1773 ἐστι
968 1717 1080 1792 τῆς
1129 1714 1324 1795 ἀρχῆς
1376 1712 1587 1794 ἰσχύς,
1636 1715 1840 1794 ὄνομα
1891 1709 2040 1774 δ’ἂν
2091 1712 2259 1776 εἴποι
2308 1733 2406 1783 τις
2453 1710 2839 1791 μοναρχίαν.

875 1825 946 1888 Α
990 1826 1299 1889 Platonis
1343 1827 1720 1890 imitatione
1768 1847 2053 1890 exorsus
2072 1876 2087 1901 ,
2133 1828 2313 1889 hunc
2358 1826 2611 1888 deserit
2639 1823 2978 1905 Polybius

786 1942 906 2003 ubi
969 1942 1058 2004 ad
1117 1939 1516 2004 firmandam
1579 1943 1967 2024 opinionem
2022 1950 2530 2023 praesumptam
2594 1940 2730 2002 alia
2791 1956 2976 2000 com-

785 2056 1048 2119 minisci
1116 2057 1183 2119 ei
1251 2058 1562 2137 expedit;
1627 2057 1990 2120 Romanae
2052 2056 2346 2120 civitatis
2406 2055 2671 2117 initium
2687 2103 2702 2128 ,
2769 2072 2981 2134 reges

787 2171 1046 2235 Albani
1121 2181 1193 2236 et
1267 2172 1612 2235 Romulus
1687 2174 1897 2236 menti
1976 2174 2123 2237 eius
2198 2174 2677 2245 obversantur;
2758 2179 2829 2232 et
2896 2177 2980 2230 ut

789 2288 1103 2352 ostendat
1147 2289 1644 2370 rempublicam
1688 2289 2079 2352 Romanam
2115 2289 2482 2352 obnoxiam
2514 2308 2664 2351 esse
2694 2286 2977 2368 legibus

789 2404 1081 2467 aeternis
1096 2452 1111 2479 ,
1176 2424 1268 2466 ex
1328 2404 1540 2486 ipsius
1600 2404 2021 2485 reipublicae
2067 2405 2429 2467 Romanae
2477 2403 2747 2466 casibus
2799 2400 2979 2463 tales

786 2519 987 2601 leges
1053 2518 1253 2602 fingit
1320 2529 1391 2583 et
1460 2521 1548 2583 ad
1615 2522 2042 2583 voluntatem
2109 2541 2300 2584 suam
2371 2520 2597 2582 omnia
2656 2516 2950 2599 exponit
2966 2563 2981 2589 ,

786 2636 955 2699 nihil
999 2636 1089 2698 ad
1132 2637 1510 2700 veritatem.
1581 2636 1915 2718 Polybius
1958 2636 2248 2699 Platone
2294 2639 2563 2699 deserto
2610 2635 2744 2697 hoc
2769 2632 2979 2695 modo

786 2750 928 2815 fere
986 2751 1357 2815 formarum
1418 2752 1852 2815 transitiones
1909 2752 2220 2833 exponit:
2293 2751 2629 2813 Dominus
2680 2748 2984 2830 primum

707 2921 711 2926 .
777 2887 914 2940 ‘rex
983 2865 1203 2930 factus
1272 2877 1377 2931 est
1438 2867 1513 2949 (c.
1582 2887 1617 2945 5
1685 2872 1717 2943 ἓ
1777 2888 1866 2948 v10
1927 2903 2010 2914 —-
2073 2887 2127 2930 c.
2181 2886 2213 2946 7
2263 2872 2295 2943 5
2343 2866 2434 2947 6):
2490 2885 2683 2940 „cum
2732 2863 2987 2925 deinde

790 2962 1078 3045 iniustus
1148 3001 1299 3045 esse
1366 2984 1670 3066 coeperit
1686 3032 1701 3057 ,
1761 2983 1939 3064 perit
1997 2983 2168 3045 illud
2227 2983 2412 3045 illico
2474 2958 2698 3063 genus
2761 2988 2834 3041 et
2880 2986 2991 3040 est

792 3098 976 3161 idem
1041 3098 1162 3160 ille
1229 3107 1584 3179 tyrannus;
1648 3118 1855 3180 quem
1915 3099 1972 3160 si
2033 3098 2395 3179 optimates
2463 3102 2955 3177 oppresserunt
2972 3140 2989 3166 ,

792 3213 978 3294 quod
1037 3212 1251 3275 ferme
1313 3214 1632 3276 usuvenit
1673 3209 1748 3293 ¹)’'
1764 3261 1778 3287 ,
1825 3213 2210 3294 respublica
2253 3213 2324 3274 in
2369 3231 2605 3274 eorum
2652 3210 2989 3272 ditionem

791 3327 981 3389 venit
1038 3328 1143 3409 (——
1208 3347 1263 3389 e.
1327 3332 1365 3389 8
1431 3332 1462 3403 ἓ
1510 3327 1588 3409 4).
1681 3325 1823 3390 Sed
1866 3336 2227 3409 postquam
2270 3325 2392 3389 filii
2438 3316 2677 3388 eorum
2694 3373 2709 3400 ,
2758 3324 2986 3386 libidi-

790 3460 950 3502 nem
1039 3461 1233 3503 suam
1308 3441 1532 3523 magis
1607 3461 1814 3522 quam
1895 3441 2185 3504 civitatis
2259 3441 2551 3503 salutem
2628 3449 2952 3502 curantes
2969 3487 2986 3512 ,

792 3556 1069 3638 plebem
1132 3557 1515 3638 opprimere
1578 3565 1950 3637 coeperunt
1965 3604 1980 3631 ,
2038 3557 2311 3638 exurgit
2357 3555 2598 3638 aliquis
2644 3555 2994 3644 libertatis

791 3671 1049 3734 vindex
1067 3720 1082 3746 ,
1131 3680 1201 3733 et
1244 3671 1538 3753 populus
1586 3671 1939 3752 imperium
1985 3670 2113 3733 sibi
2159 3671 2450 3733 adsumit
2496 3670 2601 3752 (—-
2651 3691 2706 3733 e.
2759 3693 2799 3749 9
2844 3676 2876 3746 ἓ
2913 3670 2996 3751 4),

794 3786 910 3868 qui
956 3787 1116 3848 dum
1162 3786 1586 3867 superiorum
1618 3785 2079 3848 calamitatum
2103 3805 2361 3847 memor
2382 3786 2622 3867 legum
2646 3786 2996 3868 religione

794 3922 870 3964 se
919 3901 1214 3983 obligari
1259 3901 1515 3982 patitur
1531 3947 1545 3974 ‚
1591 3901 1770 3962 bene
1815 3899 2022 3961 utitur
2054 3900 2389 3980 potentia;
2421 3920 2587 3962 mox
2617 3901 3001 3981 insequens

796 4025 988 4078 aetas
1006 4063 1020 4090 ‚
1068 4035 1333 4078 summa
1377 4013 1653 4076 licentia
1700 4022 1970 4075 assueta
1986 4061 2000 4086 ,
2046 4013 2116 4074 in
2161 4014 2405 4078 divites
2432 4015 2719 4086 ‚saevire
2759 4016 3003 4096 coepit

798 4140 869 4194 et
930 4130 1302 4192 insolenter
1361 4150 1435 4190 se
1497 4128 1678 4210 gerit
1696 4175 1710 4200 ‚
1774 4127 1992 4189 donec
2051 4148 2269 4190 novus
2329 4139 2625 4212 exurgat
2673 4130 3004 4195 dominus

858 4329 927 4449 ἰ)
990 4368 1115 4429 Cic,
1175 4371 1330 4444 Rep.
1373 4369 1423 4424 Ι.
1465 4386 1519 4424 c.
1565 4385 1639 4439 42
1660 4409 1675 4438 ‚
1720 4362 1821 4439 qui
1861 4364 2009 4423 haec
2051 4383 2084 4424 e
2124 4366 2354 4444 Polybii
2393 4367 2545 4428 libro
2589 4360 2678 4426 VI
2720 4368 3013 4446 sumpsit.
