3375 5084
1788 348 1864 406 72

618 602 627 608 α
737 530 1003 582 menter
1043 519 1385 582 invehitur
1427 530 1712 601 propter
1754 519 2142 600 superbiam
2187 520 2256 580 in
2302 521 2515 582 duces
2539 521 2899 582 Romanos
2915 570 2931 594 ,

736 635 1089 717 Regulum
1138 635 1175 716 ¹)
1232 635 1322 697 ib.
1396 655 1452 698 c.
1525 657 1598 696 12
1649 645 1722 697 et
1777 657 1852 713 13
1900 645 1972 697 et
2027 656 2137 713 15;
2184 635 2610 698 Fundanium
2653 636 2936 699 XXIV.

737 776 777 833 9
837 758 869 830 ἓ
920 773 990 827 2;
1037 750 1238 815 effert
1281 752 1596 814 laudibus
1642 751 2108 814 Hamilcarem
2153 752 2432 814 XXIV.
2483 773 2518 830 5
2569 763 2642 815 et
2684 753 2931 815 XXV.

739 872 812 941 83
873 866 1284 930 Hannonem
1344 866 1619 929 XXIV.
1694 888 1804 941 10;
1865 868 2077 930 duces
2134 867 2523 930 Poenorum
2578 870 2650 930 in
2691 889 2934 951 pugna

735 982 991 1047 Lutatii
1057 984 1136 1065 (a.
1203 982 1352 1063 242)
1412 982 1804 1045 fortitudine
1864 983 2291 1045 adversarios
2353 984 2783 1065 superavisse
2828 986 2927 1047 ait

737 1110 883 1175 ταῖς
952 1100 1301 1188 εὐψυχίαις
1366 1098 1790 1185 ὑπερέχοντες
1859 1100 1991 1165 τῶν
2064 1101 2568 1184 ἀνθεστηκότων
2590 1126 2615 1173 ;
2685 1102 2928 1164 laudes

736 1215 1077 1299 Xantippi
1161 1215 1438 1278 XXIII.
1520 1236 1578 1278 c.
1656 1237 1678 1276 1
1695 1238 1734 1293 4
1804 1221 1836 1291 5
1912 1236 1967 1277 2.
2079 1214 2384 1297 Exponit
2452 1218 2928 1280 crudelitatem

737 1332 1107 1396 Atiliorum
1189 1352 1325 1413 qua
1402 1332 1712 1413 captivos
1800 1330 2399 1413 Carthaginienses
2467 1343 2928 1407 vexaverunt3

738 1459 975 1512 contra
1039 1447 1395 1530 Regulum
1463 1449 1705 1510 morbo
1765 1447 2142 1510 extinctum
2202 1467 2353 1509 esse
2415 1449 2511 1510 ait
2548 1447 2611 1527 ²).
2722 1447 2922 1511 Haec

739 1564 966 1629 omnia
1024 1584 1200 1647 quae
1257 1564 1587 1646 Polybius
1637 1563 1783 1626 fere
1829 1564 2054 1626 omisit
2072 1612 2089 1636 ,
2137 1564 2503 1626 ostendunt
2546 1563 2888 1627 Philinum
2906 1614 2923 1638 ,

738 1681 1073 1744 fautorem
1147 1679 1834 1762 Carthaginiensium,
1903 1680 2212 1742 Diodoro
2284 1690 2634 1744 auctorem
2701 1680 2928 1743 fuisse.

740 1793 883 1860 Sed
939 1796 1161 1877 ipsum
1222 1796 1588 1877 Polybium
1647 1795 1948 1858 imitatus
2007 1806 2112 1858 est
2155 1794 2500 1859 Diodorus
2545 1796 2820 1858 XXIII.
2867 1817 2926 1859 c.

750 1933 846 1990 15.
920 1934 941 1973 1
1004 1932 1150 1995 sqq.
1199 1911 1314 1974 cfr.
1360 1912 1436 1974 P.
1481 1911 1533 1974 Ι.
1582 1932 1638 1974 c.
1688 1932 1791 1989 35.
1882 1911 2186 1986 Deinde,
2231 1923 2308 1975 ut
2353 1932 2559 1994 supra
2604 1913 2929 1993 exposui,

739 2028 1048 2092 Philinus
1092 2028 1466 2092 tradiderat
1508 2049 1569 2091 a.
1622 2033 1747 2105 264
1781 2027 2139 2091 Romanos
2169 2029 2460 2110 primum
2493 2031 2583 2091 ab
2606 2028 2926 2103 Hierone,

742 2145 988 2208 deinde
1034 2165 1077 2208 a
1120 2144 1373 2207 Poenis
1416 2143 1820 2227 profligatos
1866 2165 2035 2208 esse.
2128 2144 2209 2206 Id
2251 2145 2598 2208 Diodorus
2655 2156 2936 2209 auctore

743 2261 1037 2344 Polybio
1084 2262 1453 2324 mutavisse
1498 2262 1783 2324 videtur.
1853 2261 2029 2324 Nam
2076 2283 2230 2325 cum
2275 2263 2538 2344 reliqua
2579 2284 2618 2325 e
2661 2262 2935 2325 Philino

741 2378 1043 2441 hauserit
1058 2428 1073 2453 ,
1136 2379 1233 2442 ait
1284 2378 1557 2441 Poenos
1599 2377 2001 2461 profligatos
2048 2399 2229 2441 esse:
2277 2380 2524 2441 deinde
2570 2379 2931 2441 Romanos

742 2493 1102 2558 Echetlam
1159 2494 1391 2576 (restit.
1437 2514 1564 2576 pro
1609 2493 1891 2576 Egesta)
1937 2496 2212 2557 adortos
2260 2515 2410 2558 esse
2457 2515 2612 2558 cum
2633 2540 2638 2544 -
2657 2494 2931 2556 Philino

743 2610 838 2693 (P.
885 2610 937 2674 I.
993 2631 1067 2688 15
1118 2616 1150 2688 ἕ
1206 2609 1303 2691 10)
1350 2609 1555 2673 addit.

831 2726 1127 2809 Polybio
1212 2737 1441 2791 autem
1524 2725 1725 2789 Fabii
1809 2727 2089 2788 annales
2157 2728 2350 2808 quasi
2419 2726 2934 2789 fundamentum

745 2842 1032 2907 fuerunt.
1123 2842 1371 2906 Narrat
1438 2863 1549 2905 res
1618 2863 1657 2904 e
1727 2851 1922 2924 parte
1983 2842 2458 2905 Romanorum
2476 2891 2492 2916 ,
2555 2844 2645 2905 ad
2700 2862 2939 2904 omnes

746 2981 959 3024 annos
1004 2961 1244 3023 sedulo
1291 2960 1644 3023 consulum
1690 2960 1964 3021 nomina
2010 2960 2326 3041 apposuit
2342 3009 2356 3035 ,
2405 2981 2444 3022 e
2490 2980 2679 3022 more
2732 2979 2939 3021 anna-

746 3075 912 3138 lium
957 3076 1361 3157 scriptorum
1406 3075 1897 3137 Romanorum.
1967 3074 2122 3138 Hoc
2167 3075 2429 3137 bellum
2473 3076 2629 3138 ideo
2657 3095 2938 3138 narrare

748 3191 1035 3255 instituit
1117 3192 1302 3273 quod
1369 3191 1671 3253 Romani
1740 3201 1885 3253 tum
1945 3191 2237 3273 primum
2299 3211 2486 3254 mare
2548 3191 2838 3274 ingressi
2893 3191 2942 3273 ³)

841 3479 878 3561 ¹)
934 3481 1136 3540 Verba
1191 3478 1474 3539 Diodori.
1526 3481 1641 3541 οὔτε
1677 3506 1736 3539 το
1774 3492 1866 3548 τῆς
1902 3485 2152 3559 πατρίδος
2188 3485 2313 3549 ἔθος
2348 3515 2423 3523 -
2471 3515 2554 3523 -
2593 3489 2952 3562 μιμησάμενος

743 3598 862 3639 non
925 3589 1130 3639 vetant
1193 3577 1507 3655 quominus
1569 3578 1674 3637 has
1739 3597 1831 3637 res
1892 3577 2107 3656 Reguli
2169 3578 2400 3638 Philino
2465 3579 2793 3640 tribuamus
2853 3576 2949 3658 (ut

745 3688 947 3739 censet
988 3676 1246 3756 Neuling
1287 3698 1344 3755 p.
1392 3676 1518 3758 39);
1561 3695 1633 3737 ea
1674 3677 1832 3736 enim
1877 3676 2056 3737 Diod
2100 3677 2227 3755 ipse
2269 3677 2547 3755 apposuit

829 3777 880 3859 2)
920 3779 1142 3838 XXIV.
1195 3799 1298 3837 12:
1345 3783 1486 3854 „Kal
1524 3786 1787 3858 νομίσασα
1824 3775 1877 3857 (ἡ
1919 3776 2116 3858 μήτηρ)
2154 3777 2220 3838 δι’
2261 3783 2501 3857 ἀμέλειαν
2542 3781 2694 3839 αὐτὸν
2727 3783 2950 3840 ἐκλελοι-

746 3887 895 3940 πέναι
950 3882 1008 3938 τὸ
1060 3888 1177 3949 ζῆν.
1262 3880 1473 3953 Itaque
1528 3875 1668 3936 satis
1725 3877 2012 3954 probatur
2063 3895 2135 3935 ea
2176 3895 2329 3952 quae
2370 3877 2618 3935 Tzetzes
2660 3873 2842 3955 (Hist.
2890 3892 2948 3953 3.·

750 3976 892 4058 356)
961 3977 1037 4036 de
1105 3995 1252 4036 nece
1324 3974 1538 4053 Reguli
1602 3986 1662 4035 et
1730 3974 2059 4052 Xanthippi
2128 3973 2311 4033 tradit
2380 3994 2502 4034 non
2570 3994 2603 4034 e
2673 3974 2951 4035 Diodoro

749 4086 987 4153 sumpta
1028 4094 1172 4135 esse.
1711 4067 1728 4085 '

835 4173 882 4255 3)
923 4177 988 4233 P.
1033 4176 1079 4233 I.
1129 4195 1202 4233 20
1247 4182 1274 4247 ξ
1319 4176 1388 4233 8:
1434 4179 1693 4255 ἐμβαίνειν
1733 4182 1803 4242 εἰς
1838 4180 1932 4239 τὴν
1971 4180 2247 4236 θάλατταν
2286 4182 2406 4232 est:
2432 4172 2745 4250 imperium
2766 4172 2953 4234 maris

749 4272 920 4334 classi
976 4283 1177 4351 petere
1192 4296 1208 4348 3
1268 4274 1373 4332 cfr.
1430 4276 1478 4332 Ι.
1527 4289 1598 4350 55
1644 4281 1671 4344 ς
1719 4293 1750 4331 2
1795 4292 1933 4332 cum
1975 4271 2233 4331 Romani
2275 4291 2495 4331 novam
2536 4273 2782 4332 classem
2825 4293 2953 4333 non

752 4381 994 4452 parent,
1059 4370 1340 4431 dicuntur
1407 4378 1624 4451 ἐκβῆναι
1677 4377 1731 4432 ἐκ
1780 4384 1874 4440 τῆς
1920 4377 2208 4439 θαλάττης.
2319 4373 2528 4448 Itaque
2590 4370 2700 4431 illis
2754 4372 2956 4433 verbis
