3375 5084
1460 360 1492 418 7

389 532 704 614 Ephorus
764 533 944 595 enim
962 581 975 604 ,
1031 532 1247 614 inquit
1263 582 1276 607 ‚
1332 532 1728 614 Xenophon
1748 583 1762 609 ,
1810 534 2256 598 Callisthenes
2274 584 2289 614 ‚
2339 536 2541 600 Plato
2559 586 2573 611 ‚

387 669 534 711 rem
608 648 954 729 publicam
1032 648 1423 712 Cretensem
1498 648 2084 713 Lacedaemoniae
2167 650 2576 714 simillimam

387 763 595 827 fuisse
641 766 940 840 tradunt3
973 764 1177 827 iidem
1207 774 1562 847 utramque
1593 766 1862 849 magnis
1888 776 1956 829 et
1982 765 2237 829 eisdem
2262 767 2577 832 laudibus

386 879 705 956 efferunt;
773 891 1010 944 contra
1074 882 1358 963 exponit
1416 882 1748 965 Polybius
1809 883 2203 947 Cretensem
2244 893 2328 947 ‘et
2373 884 2577 947 aliam

389 1018 541 1061 esse
587 1007 660 1061 et
703 999 918 1061 multo
966 999 1388 1062 deteriorem.
1455 999 1567 1061 Illi
1613 1000 1793 1063 enim
1839 1000 2202 1082 scriptores
2228 1001 2576 1082 proprium

387 1114 805 1196 reipublicae
877 1113 1255 1196 Spartanae
1314 1114 1520 1179 fuisse
1583 1116 1859 1180 tradunt
1920 1115 2110 1200 (ἴδιον
2171 1109 2343 1182 εἷναί
2398 1117 2576 1200 φασι)

386 1230 677 1312 primum
724 1233 907 1313 quod
952 1252 1122 1314 ager
1165 1232 1480 1314 publicus
1526 1232 1811 1316 singulis
1857 1234 2119 1297 civibus
2150 1253 2368 1315 aeque
2396 1243 2578 1298 esset

389 1347 786 1411 distributus
848 1350 924 1432 (c.
988 1369 1068 1427 45
1135 1354 1166 1425 5
1232 1347 1323 1429 3),
1386 1348 1631 1411 deinde
1693 1349 1875 1430 quod
1931 1349 2119 1413 lucro
2176 1359 2247 1413 et
2292 1359 2578 1431 quaestu

386 1463 644 1526 abolito
693 1464 986 1527 invidiae
1034 1473 1104 1528 et
1151 1464 1476 1528 avaritiae
1522 1464 1709 1527 cives
1757 1474 2077 1545 expertes
2125 1474 2353 1527 essent
2397 1465 2448 1548 (ἓ
2490 1464 2576 1546 4),

386 1580 660 1643 tertium
714 1581 896 1661 quod
943 1581 1221 1663 regibus
1265 1580 1572 1662 potentia
1616 1590 1951 1662 perpetua
1996 1590 2177 1644 esset
2195 1630 2210 1657 ,
2257 1581 2577 1644 senatori-

387 1697 517 1758 bus
563 1696 884 1777 quamdiu
927 1697 1239 1760 viverent
1285 1696 1337 1779 (ἓ
1388 1695 1479 1778 5);
1530 1697 1712 1778 apud
1746 1695 2104 1760 Cretenses
2135 1696 2239 1759 his
2267 1696 2577 1760 omnibus

388 1811 724 1875 contraria
799 1812 1103 1875 instituta
1177 1821 1371 1888 sunt;
1449 1811 1885 1895 magistratus
1962 1812 2164 1874 annui
2186 1861 2201 1888 ,
2277 1812 2578 1875 maxima

388 1928 671 1991 avaritia
726 1938 796 1992 et
840 1929 1263 2011 turpissimus
1310 1939 1633 2010 quaestus
1651 1978 1665 2004 ,
1717 1929 2008 2010 denique
2055 1948 2377 2012 agrorum
2422 1948 2575 2010 pos-

388 2044 648 2107 sidendi
724 2064 986 2107 summa
1054 2044 1282 2108 libido.
1388 2044 1628 2126 Itaque
1697 2044 1978 2108 miratur
2045 2046 2386 2127 quomodo
2452 2045 2577 2110 has

388 2161 807 2241 respublicas
870 2170 1201 2243 cognatas
1262 2171 1332 2224 et
1394 2161 1782 2224 consimiles
1838 2160 2065 2224 dicere
2111 2161 2454 2242 potuerint
2498 2162 2574 2244 (c.

390 2281 473 2354 46
544 2282 575 2353 g
655 2299 677 2338 1
693 2276 858 2359 ——5).
950 2277 1318 2341 Praeterea
1376 2277 1476 2340 illi
1540 2277 1905 2358 scriptores
1951 2278 2138 2341 aiunt
2182 2277 2575 2361 Lycurgum

389 2393 609 2455 solum
654 2393 904 2456 vidisse
950 2394 1193 2475 quibus
1228 2393 1516 2456 vinculis
1545 2393 1934 2475 respublica
1966 2393 2294 2456 contineri
2315 2403 2573 2475 posset,

388 2509 775 2574 fortitudine
846 2510 1095 2574 civium
1165 2520 1249 2573 et·
1298 2510 1692 2584 concordia;
1754 2510 1861 2573 his
1921 2509 2283 2573 virtutibus
2346 2519 2575 2574 autem

392 2626 970 2690 Lacedaemonios
1013 2627 1188 2690 inter
1233 2645 1467 2689 omnes
1511 2636 1876 2708 praestare.
1940 2623 2085 2690 Sed
2115 2645 2268 2689 cum
2298 2626 2576 2690 videant

390 2741 748 2806 Cretenses
808 2763 1077 2825 semper
1135 2742 1339 2806 bellis
1399 2742 1731 2806 intestinis
1788 2741 2073 2805 lacerari
2090 2790 2105 2818 ‚
2151 2751 2379 2805 tamen
2424 2762 2574 2824 per-

387 2859 624 2922 hibere
674 2860 926 2923 audent
969 2859 1388 2941 respublicas
1435 2858 1822 2922 consimiles
1869 2878 2019 2921 esse
2065 2858 2117 2940 (ἓ
2166 2857 2376 2939 6-9).

476 2974 631 3039 Hoc
716 2975 989 3057 Polybii
1058 2975 1376 3039 iudicium
1444 2974 1690 3038 falsum
1761 2994 1910 3037 esse
1928 3022 1942 3049 ,
2014 2974 2371 3037 ostendere
2438 2993 2578 3036 non

390 3112 562 3174 opus
608 3102 728 3157 est.
821 3091 964 3158 Sed
1009 3090 1283 3155 difficile
1331 3101 1435 3155 est
1481 3091 1665 3155 dictu
1681 3140 1696 3166 ,
1745 3091 1934 3154 cuius
1979 3090 2323 3173 scriptoris
2363 3090 2574 3172 opini-

391 3230 589 3273 onem
635 3210 739 3274 his
782 3210 1011 3273 verbis
1055 3207 1320 3273 refutet.
1411 3208 1614 3271 Plato
1669 3228 1877 3290 saepe
1922 3226 2132 3288 remp.
2180 3205 2574 3280 Cretensem

390 3346 543 3390 cum
588 3325 1133 3389 Lacedaemonia
1170 3324 1552 3406 composuit
1590 3323 1654 3406 ¹),
1687 3324 1835 3399 sed,
1868 3342 2252 3405 quanquam
2274 3322 2576 3406 Lycurgi

389 3444 585 3526 leges
633 3453 702 3507 et
746 3443 994 3506 Minois
1039 3462 1248 3524 saepe
1295 3441 1609 3504 laudibus
1656 3439 1857 3504 effert
1896 3440 1940 3521 ²)
1958 3488 1972 3515 ,
2017 3459 2349 3521 nusquam
2394 3441 2576 3522 apud

388 3558 749 3622 Platonem
809 3558 1103 3641 legimus
1163 3557 1559 3640 Lycurgum
1620 3555 1756 3618 illis
1815 3554 2134 3619 institutis
2187 3555 2442 3637 optime
2489 3555 2574 3618 de

390 3676 558 3739 urbe
617 3695 740 3739 sua
783 3675 1095 3738 meritum
1142 3694 1310 3737 esse.
1403 3671 1656 3736 Contra
1702 3673 1788 3735 de
1837 3671 2122 3734 avaritia
2168 3671 2328 3735 Lac.
2373 3671 2574 3734 Plato

389 3813 527 3856 non
593 3793 813 3856 minus
880 3812 1083 3874 quam
1150 3790 1561 3855 Aristoteles
1621 3790 1828 3872 plane
1891 3788 2228 3853 contraria
2281 3787 2573 3871 Polybio

394 3909 714 3991 conqueri
782 3909 961 3973 solet
997 3907 1060 3990 ³).
1151 3907 1307 3971 Hoc
1376 3906 1629 3970 crimen
1698 3904 1971 3968 minime
2041 3903 2359 3967 convenit
2419 3921 2574 3965 cum

479 4088 521 4169 ¹)
575 4091 667 4148 Ex
722 4109 808 4168 gr.
863 4090 949 4148 Pl.
1007 4090 1082 4147 R.
1139 4089 1206 4146 P.
1250 4087 1416 4146 VIII.
1459 4105 1518 4162 p.
1566 4101 1684 4162 544
1727 4084 1830 4158 C.;
1874 4085 2057 4161 Legg.
2101 4101 2161 4158 p.
2207 4082 2324 4159 683
2367 4083 2444 4139 A.
2487 4079 2578 4162 (ὡς

385 4193 624 4270 ἀδελφοῖς
659 4188 857 4270 νόμοις)
870 4210 888 4264 3
931 4190 1114 4266 Legg.
1158 4207 1218 4264 p.
1267 4203 1378 4262 712
1424 4192 1483 4245 et
1525 4181 1764 4261 passim.

471 4286 522 4368 ²)
564 4289 655 4345 Ex
697 4307 784 4366 gr.
828 4289 1010 4365 Legg.
1056 4287 1164 4346 111.
1209 4286 1358 4362 6963
1403 4286 1448 4343 Ι.
1495 4286 1612 4359 630
1656 4300 1784 4358 sqq.

474 4383 522 4465 3)
563 4387 655 4465 Ex
695 4406 781 4463 gr.
825 4386 910 4445 Pl.
953 4387 1029 4444 R.
1072 4386 1137 4444 P.
1174 4405 1233 4462 p.
1269 4384 1383 4460 548
1412 4385 1487 4443 A.
1521 4385 1844 4461 ἐπιθυμηταὶ
1871 4388 2175 4461 χρημάτων,
2200 4377 2319 4461 (Β.)
2339 4384 2576 4460 φειδωλοὶ
