3375 5084
1266 293 1271 298 .
1386 312 1496 369 181

356 520 515 561 num
564 499 615 580 ¹).
689 499 965 564 Catonis
1011 500 1253 564 festive
1301 501 1557 563 dictum
1605 500 1881 563 tradidit
1928 501 2013 562 de
2059 500 2274 564 tribus
2299 502 2546 584 legatis

358 618 445 678 ad
505 617 814 679 Prusiam
885 617 1105 679 missis
1144 616 1204 697 2).
1294 616 1414 679 Ad
1460 618 1752 680 eundem
1800 616 2058 680 fontem
2102 616 2322 680 refero
2370 638 2546 699 quae

356 732 628 794 XXVI.
694 753 748 795 c.
800 745 873 812 9a
917 732 1248 814 Polybius
1293 733 1498 796 tradit
1543 732 1727 796 facta
1771 733 2239 796 memorabilia
2285 731 2545 815 Scipio-

351 848 455 910 nis
499 848 804 922 maioris;
853 868 1016 911 sane
1063 849 1269 911 etiam
1311 849 1512 930 plura
1558 869 1642 911 eo
1688 848 2029 929 pertinent
2047 897 2060 923 ,
2111 849 2356 930 quibus
2377 849 2546 914 nihil

355 963 614 1027 addidit
658 963 1004 1045 Polybius,

442 1079 627 1142 Anni
692 1100 734 1142 a
778 1079 1073 1161 Polybio
1128 1079 1404 1143 Romae
1449 1080 1712 1161 peracti
1756 1099 1893 1142 non
1939 1080 2158 1142 minus
2205 1099 2409 1161 quam
2457 1083 2546 1143 ad

353 1196 814 1278 cognitionem
877 1216 1101 1259 rerum
1163 1205 1511 1278 gestarum
1527 1245 1541 1271 ‚
1608 1196 1840 1278 magni
1902 1195 2176 1259 fuerunt
2221 1197 2546 1260 momenti

350 1314 439 1374 ad
487 1312 630 1374 eius
676 1312 1064 1393 opinionem
1109 1311 1664 1375 conformandam
1712 1314 1798 1374 de
1845 1312 2155 1393 potentia
2196 1312 2544 1376 Romano-

348 1447 498 1488 rum
514 1476 528 1502 ,
577 1428 663 1490 de
709 1427 972 1491 ratione
1020 1446 1156 1508 qua
1200 1427 1501 1490 Romam
1549 1429 1886 1509 imperare
1918 1429 2208 1491 deceret.
2259 1427 2544 1492 Coetum

349 1562 586 1605 eorum
630 1542 932 1605 virorum
980 1543 1341 1606 illustrium
1387 1543 1503 1624 qui
1549 1563 1704 1606 cum
1751 1543 1992 1605 imbuti
2041 1553 2268 1606 essent
2311 1563 2545 1606 amore

348 1659 512 1721 artis
581 1668 651 1721 et
717 1658 1111 1722 eruditionis
1190 1657 1608 1723 Graecorum
1629 1707 1643 1734 ,
1715 1659 2102 1741 elegantiae
2170 1659 2546 1722 litterarum

350 1774 705 1837 studerent
721 1822 735 1849 ,
754 1852 759 1857 .
781 1774 1227 1855 philosophos
1274 1783 1344 1837 et
1388 1784 1632 1856 poetas
1679 1775 1776 1857 (ut
1821 1774 2220 1838 Panaetium
2236 1823 2249 1849 ,
2293 1776 2545 1838 Teren-

349 1889 519 1951 tium
537 1938 551 1964 ‚
614 1888 948 1953 Lucilium
1008 1888 1345 1971 iuvenem)
1408 1889 1661 1953 circum
1719 1910 1793 1952 se
1838 1890 2172 1952 haberent
2189 1937 2204 1964 ‚
2252 1890 2543 1971 denique

348 2006 440 2067 ab
503 2005 761 2088 agresti
820 2014 891 2069 et
949 2005 1204 2068 inculto
1249 2005 1627 2087 priscorum
1673 2005 2148 2068 Romanorum
2192 2005 2379 2068 victu
2425 2007 2542 2068 ab·

345 2122 701 2185 horrerent
717 2170 732 2197 ‚
802 2142 957 2184 eum
1019 2132 1291 2185 coetum
1350 2122 1469 2203 qui
1530 2119 1924 2203 Scipionem
1977 2121 2304 2184 maiorem
2350 2123 2542 2203 quasi

345 2237 696 2319 auspicem
750 2237 1052 2300 habebat
1067 2286 1081 2312 ‚
1151 2237 1355 2300 etiam
1402 2237 1613 2301 coluit
1658 2249 1730 2300 et
1773 2237 2142 2300 admiratus
2187 2246 2293 2299 est
2337 2237 2543 2318 Poly-

306 2421 311 2426 ,
343 2354 517 2416 hius,
587 2353 681 2416 Hi
727 2366 956 2416 autem
1004 2354 1209 2416 etiam
1253 2354 1322 2415 in
1367 2353 1720 2435 republica
1765 2354 2071 2435 gerenda
2087 2401 2100 2427 ,
2139 2361 2215 2415 ut
2243 2353 2540 2428 videtur,

344 2479 535 2532 certa
607 2471 899 2550 quadam
967 2470 1227 2532 ratione
1296 2470 1742 2550 comprobata
1796 2468 1839 2550 ³)
1863 2516 1879 2541 ‚
1953 2488 2240 2551 magnas
2307 2477 2538 2549 partes

341 2585 496 2648 tuiti
558 2593 714 2647 sunt
772 2586 841 2647 in
901 2585 1022 2647 illa
1081 2585 1346 2666 imperii
1405 2585 1708 2648 Romani
1773 2584 2250 2647 constitutione
2268 2633 2282 2659 ,
2337 2604 2541 2665 quam

340 2701 861 2763 describendam
928 2710 1311 2782 sumpserat
1379 2700 1727 2782 Polybius.
1842 2700 1998 2762 Non
2067 2699 2286 2762 solum
2355 2700 2540 2780 quod

343 2815 786 2899 magistratus
833 2836 1192 2899 capessere
1211 2866 1225 2892 ‚
1270 2816 1666 2880 necessariis
1714 2816 1850 2879 suis
1888 2825 1959 2879 et
1989 2815 2223 2878 amicis
2247 2816 2540 2877 honores

342 2933 665 2996 addicere
713 2934 1064 3004 studerent
1094 2932 1157 3014 4),
1205 2941 1464 2996 tantam
1510 2933 1577 2994 in
1623 2933 1979 3013 republica
2007 2932 2301 3015 gratiam
2323 2933 2536 3013 impe-

339 3059 724 3124 traverunt;
787 3048 1084 3111 maxime
1148 3069 1267 3111 eos
1326 3049 1584 3111 adiuvit
1630 3048 2048 3135 praestantia
2094 3049 2342 3110 ducum
2360 3096 2373 3121 ‚
2422 3048 2537 3128 qui

338 3164 620 3246 ingenio
637 3212 653 3237 ‚
715 3164 1123 3227 liberalitate
1140 3212 1155 3239 ‚
1220 3173 1365 3228 arte
1422 3164 1696 3227 militari
1740 3165 1951 3247 longe
1997 3164 2173 3227 inter
2216 3164 2538 3245 aequales

340 3280 808 3343 excelluerint.
880 3278 1051 3343 Cum
1097 3288 1301 3343 antea
1346 3279 1588 3342 Italiae
1636 3289 1708 3342 et
1754 3277 2031 3344 Siciliae
2076 3279 2361 3361 imperio
2392 3279 2535 3342 fere

340 3396 646 3460 contenti
691 3394 974 3458 fuissent
1020 3395 1357 3469 Romani,
1404 3395 1536 3458 hoc
1581 3394 1778 3457 brevi
1821 3395 2034 3457 limite
2082 3394 2538 3458 circumscribi

338 3531 593 3574 nomen
647 3512 1039 3575 Romanum
1083 3530 1220 3573 non
1265 3511 1447 3593 passi
1495 3521 1650 3574 sunt
1697 3507 1928 3592 Scipio
1977 3509 2257 3594 eiusque
2303 3510 2532 3584 amici3

437 3853 478 3935 ¹)
526 3856 592 3914 P.
635 3853 858 3914 XXIX.
902 3875 954 3914 e.
1002 3857 1037 3912 6
1079 3861 1107 3926 ἓ
1155 3874 1261 3914 11:
1310 3862 1519 3924 Λεύκιος
1553 3889 1634 3898 -
1669 3860 1919 3923 πολλάκις
1955 3859 2378 3934 ἀνθωμολογεῖτο
2415 3857 2541 3932 πρός

338 3982 484 4022 τινας
515 3966 617 4015 τῶν
655 3959 706 4013 ἐν
742 3967 805 4037 τῇ
840 3950 1005 4037 Ῥώμῃ
1046 3956 1176 4033 μετὰ
1211 3962 1381 4014 ταῦτα
1418 3981 1470 4014 κ.
1507 3979 1560 4014 τ.
1603 3960 1632 4013 λ
1693 3986 1774 3997 —-

425 4050 478 4131 2)
518 4053 583 4110 P.
627 4052 936 4111 XXXVII.
980 4070 1033 4110 e.
1084 4051 1150 4109 111
1192 4057 1220 4123 ξ
1265 4070 1332 4127 3:
1377 4057 1501 4131 φασὶ
1539 4056 1626 4113 τὸν
1664 4059 1886 4113 Κάτωνα
1921 4056 2102 4112 εἰπεῖν.
2132 4098 2144 4110 .
2173 4097 2188 4112 .

430 4149 479 4231 3)
521 4152 615 4211 De
664 4148 919 4211 consiliis
959 4147 1247 4225 Scipionis
1290 4147 1531 4227 eiusque
1572 4147 1905 4210 amicorum
1946 4146 2064 4207 vid.
2110 4148 2447 4226 Hertzberg
2488 4149 2531 4207 Ι.

343 4272 403 4329 p.
429 4248 973 4429 4315197MNitzsch
1014 4249 1221 4406 P<I>lyb.
1267 4269 1325 4326 p.
1370 4267 1628 4327 39—-59,
1919 4225 1924 4244 ⁴

630 4393 641 4406 .
754 4367 1022 4409 ommsen
1099 4393 1111 4406 .
1157 4368 1215 4426 p.
1264 4363 1377 4425 790
1422 4367 1509 4425 sq.
