3375 5084
1367 280 1489 397 127*

333 512 439 573 his
498 511 689 573 annis
756 531 787 571 2
808 532 828 572 1
851 484 1103 588 i—203
1161 511 1367 573 tradit
1411 510 1645 572 Livius
1690 530 1965 591 prorsus
2008 520 2318 591 pugnant
2362 531 2516 573 cum

332 626 604 708 Polybii
671 627 1058 690 testimonio
1123 626 1583 688 Hannibalem
1645 636 1803 689 ante
1864 626 2136 688 Zamam
2198 626 2523 689 invictum

333 742 554 806 fuisse.
647 742 794 806 Iam
853 742 1142 806 sufficiet
1204 764 1296 806 ex
1354 744 1520 824 ipsis
1580 742 1760 805 Livii
1817 743 2006 805 libris
2061 743 2255 805 brevi
2300 753 2522 806 osten-

331 850 545 934 disse',
594 880 797 942 quam
841 861 1029 923 nulla
1072 858 1207 923 fide
1254 861 1398 923 eius
1443 861 1739 923 narratio
1785 861 1997 943 digna
2041 861 2144 923 sit.

421 975 481 1037 E
544 975 741 1038 titulo
805 975 1065 1039 Lacinii
1118 977 1206 1038 ab
1259 977 1409 1057 ipso
1455 975 1845 1038 Hannibale
1890 977 2211 1057 inscripto
2257 975 2352 1058 (P.
2398 975 2517 1038 III.

331 1112 387 1155 e.
464 1096 545 1169 56
618 1097 649 1168 ἕ
720 1092 781 1172 4)
852 1101 1119 1156 constat
1187 1092 1556 1155 Hannibali
1625 1093 1695 1155 in
1755 1092 2023 1155 Italiam
2084 1092 2522 1155 descendenti

278 1288 280 1290 q
333 1206 539 1269 fuisse
607 1228 843 1270 20.000
905 1208 1210 1289 peditum
1259 1213 1431 1270 6000
1479 1209 1798 1290 equitum.
1889 1207 2035 1270 Liv.
2082 1206 2286 1270 XXI.
2335 1226 2390 1269 e.
2440 1212 2520 1284 38

333 1343 488 1386 cum
554 1323 976 1386 dubitatione
1024 1324 1202 1387 hunc
1245 1342 1599 1386 numerum
1644 1318 1880 1397 tradit,
1929 1333 2000 1385 et
2045 1322 2194 1385 aliis
2240 1322 2524 1385 auctori-

330 1439 460 1500 bus
527 1458 880 1501 numerum
949 1438 1239 1503 militum
1306 1462 1327 1501 1
1345 1460 1580 1502 20.ooo
1640 1437 1846 1501 fuisse
1906 1438 2155 1501 scribit.
2257 1437 2525 1500 Deinde

329 1554 607 1617 XXIII.
675 1545 758 1618 cs
805 1577 879 1634 13
949 1564 1018 1618 et
1079 1577 1133 1619 c.
1200 1577 1278 1634 32
1330 1555 1562 1618 Livius
1607 1556 1845 1630 tradit,
1893 1555 2146 1618 auxilia
2193 1575 2235 1617 a
2278 1555 2528 1618 Poenis

327 1670 700 1734 Hannibali
762 1673 1041 1735 decreta
1101 1671 1305 1735 fuisse
1325 1721 1338 1747 ,
1402 1672 1777 1755 Magonem
1824 1672 1913 1735 ad
1959 1671 2206 1734 milites
2252 1672 2524 1752 conqui-

331 1789 578 1850 rendos
625 1789 694 1850 in
738 1787 1141 1870 Hispaniam
1188 1790 1466 1852 missum
1512 1810 1663 1852 esse
1682 1838 1697 1864 ,
1744 1790 1868 1852 sed
1898 1809 2228 1870 nusquam
2252 1788 2527 1850 tradidit

333 1924 419 1966 ea
480 1904 735 1966 auxilia
794 1905 883 1968 ad
944 1904 1402 1970 Hannibalem
1463 1906 1873 1987 pervenisse.
1964 1905 2248 1968 Revera
2302 1905 2527 1967 omnia

330 2020 721 2082 Poenorum
770 2021 1051 2084 consilia
1096 2022 1332 2084 auxilii
1375 2022 1445 2084 in
1490 2021 1761 2084 Italiam
1807 2021 2117 2084 mittendi
2147 2022 2236 2082 ad
2264 2021 2527 2084 Metau-

328 2156 484 2199 rum
527 2158 586 2199 a.
610 2178 618 2185 -
640 2157 761 2216 207
813 2135 1132 2201 frustrata
1177 2147 1346 2200 sunt.
1439 2136 1725 2200 Auxilia
1770 2136 2011 2201 Italica
2057 2137 2322 2221 (Bruttii
2336 2186 2350 2211 ‚
2395 2137 2527 2199 Lu-

334 2253 492 2315 cani
508 2301 522 2327 ,
587 2252 720 2333 alii)
778 2251 921 2315 fere
968 2254 1093 2315 sub
1143 2253 1386 2316 ducem
1433 2253 1843 2316 Hannonem
1889 2254 1957 2315 in
2003 2254 2292 2317 alterum
2336 2274 2527 2316 exer-

331 2370 544 2433 citum
615 2370 908 2432 collecta
976 2379 1167 2432 erant
1183 2418 1197 2444 ,
1259 2389 1668 2452 quamquam
1730 2370 2093 2433 verisimile
2157 2379 2261 2433 est
2323 2369 2527 2433 etiam

332 2484 799 2548 Hannibalem
859 2485 1118 2566 aliquot
1180 2486 1410 2567 copias
1471 2485 1747 2548 Italicas
1793 2486 1863 2547 in
1909 2486 2146 2548 castris
2190 2485 2524 2550 habuisse.

339 2601 603 2664 Verum
648 2602 762 2684 qui
808 2600 953 2665 fieri
997 2611 1227 2684 potest
1272 2613 1346 2666 ut
1392 2622 1485 2665 ex
1527 2603 1631 2665 his
1667 2607 1903 2665 26.ooo
1935 2602 2237 2677 militum,
2271 2602 2529 2682 aliquot

333 2718 729 2782 Italicorum
773 2719 1073 2783 millibus
1117 2719 1452 2782 interdum
1501 2719 1796 2800 expletis
1843 2719 1965 2782 sed
2012 2719 2216 2782 etiam
2261 2717 2528 2800 magnis

335 2843 406 2898 et
471 2834 797 2916 gravibus
861 2834 1135 2915 praeliis
1196 2835 1558 2898 contractis
1607 2844 1676 2897 et
1731 2835 2092 2897 deminutis
2137 2834 2254 2916 (sic
2302 2832 2531 2897 Gallo-

333 2969 488 3012 rum
546 2960 703 3031 post
755 2971 787 3011 2
805 2972 826 3012 1
842 2955 880 3013 6
928 2951 1183 3013 mentio
1229 2970 1365 3012 non
1410 2950 1701 3031 amplius
1746 2950 2056 3031 inicitur),
2102 2950 2276 3012 inter
2323 2968 2534 3012 annos

341 3087 373 3127 2
394 3087 692 3144 10—203
712 3114 728 3139 ,
799 3077 875 3129 ut
941 3066 1174 3129 Livius
1240 3066 1475 3141 tradit,
1547 3087 1785 3146 30.7oo
1832 3066 2123 3148 amplius
2170 3038 2371 3129 caesa
2413 3066 2527 3128 vel

292 3222 297 3231 ·
340 3189 550 3261 capta
594 3181 764 3244 sint?
803 3177 863 3262 ¹).
954 3180 1271 3263 Apparet
1315 3182 1443 3246 hos
1487 3202 1805 3246 numeros
1852 3182 2109 3245 eisdem
2146 3181 2535 3246 auctoribus

437 3457 477 3540 ¹)
538 3458 739 3519 Livius
801 3479 855 3519 a.
915 3481 1086 3520 210-
1118 3482 1232 3538 203
1288 3463 1394 3521 has
1450 3461 1650 3522 clades
1712 3460 2037 3523 Hannibali
2078 3461 2370 3522 iniunctas
2412 3481 2538 3522 esse

337 3557 556 3617 tradit:
620 3560 842 3619 XXVI.
907 3580 960 3620 e.
1028 3561 1102 3637 38
1160 3559 1237 3640 (a.
1298 3558 1440 3641 210)
1494 3560 1729 3638 Salapia
1783 3571 1963 3638 capta
1973 3584 1990 3636 3
2037 3562 2365 3621 caeduntur
2407 3555 2538 3620 500

336 3657 638 3718 Numidae
651 3680 668 3734 3
723 3660 972 3719 XXVII.
1017 3679 1070 3718 c.
1122 3679 1147 3717 1
1201 3656 1263 3738 (a
1324 3659 1496 3741 210):
1542 3662 1612 3719 In
1654 3658 1890 3738 oppidis
1933 3660 2137 3721 Italiae
2178 3658 2541 3739 recuperatis

339 3759 684 3816 Poenorum
740 3757 1033 3835 praesidia
1089 3757 1405 3835 capiuntur
1461 3760 1540 3819 ad
1593 3754 1769 3820 3000
1784 3783 1801 3834 3
1858 3758 2001 3820 ibid.
2059 3780 2111 3819 e.
2163 3780 2237 3833 14
2276 3759 2351 3841 (a.
2401 3757 2542 3840 209)

343 3857 665 3917 Marcellus
721 3857 1121 3918 Hannibalem
1177 3858 1484 3937 profligat,
1540 3860 1872 3918 caeduntur
1924 3853 2097 3919 8000
2138 3860 2352 3934 Poen.3
2397 3857 2540 3918 ibid.

344 3975 398 4015 c.
447 3975 523 4028 40
567 3955 644 4037 (a.
692 3955 833 4037 207)
874 3956 1179 4018 Hannibal
1220 3957 1563 4037 profligatur
1605 3977 1643 4017 a
1685 3959 1755 4018 C.
1798 3957 2055 4018 Hostilio
2096 3959 2367 4032 Tubu10,
2410 3975 2541 4016 cae-

346 4054 573 4114 duntur
625 4050 799 4115 4000
853 4057 1036 4116 Poen.
1051 4079 1068 4131 3
1110 4055 1255 4117 ibid.
1301 4077 1354 4116 e.
1398 4077 1473 4130 42
1518 4057 1598 4139 (a.
1643 4055 1785 4138 207)
1825 4055 2172 4135 profligatur
2213 4076 2251 4116 a
2292 4055 2542 4118 Claudio

347 4156 591 4216 consule
651 4155 731 4214 ad
785 4156 1186 4217 Grumentum
1202 4201 1217 4228 ,
1275 4175 1450 4217 caesa
1504 4151 1677 4217 8000
1734 4158 1948 4230 Poen.,
1993 4155 2155 4234 capti
2196 4150 2355 4231 700;
2397 4155 2541 4216 ibid.

350 4274 407 4312 c.
472 4274 545 4327 42
611 4253 689 4335 (a.
757 4253 897 4336 207)
951 4257 1029 4316 ab
1084 4257 1299 4316 eodem
1353 4258 1432 4316 ad
1486 4256 1840 4327 Venusiam3
1894 4274 2069 4315 caesa
2108 4249 2283 4315 2000
2324 4257 2537 4325 Poen.,

351 4355 575 4414 XXIX.
632 4375 685 4414 c.
745 4357 781 4413 6
838 4357 920 4413 fin
995 4354 1067 4436 (a.
1121 4355 1262 4437 205)
1304 4354 1629 4417 Hannibali
1667 4356 1749 4415 ad
1789 4358 2013 4416 Locros
2054 4353 2361 4416 obsidione
2401 4354 2541 4415 libe·
