3375 5084
1817 295 1901 369 96

760 485 1094 564 perducto
1142 504 1262 545 eos
1307 483 1734 563 inspexisset.
1822 480 1965 546 Sed
2008 492 2223 545 totam
2270 503 2464 543 suam
2507 483 2969 544 narrationem

763 600 996 661 delere
1041 599 1258 661 noluit
1302 609 1585 679 propter
1627 598 1826 660 Fabii
1872 598 2365 660 auctoritatem.
2432 597 2539 659 Ne
2577 600 2756 660 hunc
2783 597 2970 659 enim

759 714 982 794 ipsum
1038 715 1314 796 quidem
1373 716 1578 776 rebus
1626 713 1910 777 Gallicis
1957 715 2317 794 aequalem
2360 712 2569 775 fuisse
2614 722 2969 776 auctorem

759 831 886 893 sibi
972 831 1148 894 dixit
1165 880 1180 905 ‚
1259 841 1330 893 et
1404 831 1896 893 dubitationem
1967 850 2160 892 suam
2234 841 2499 893 tantum
2564 830 2671 892 his
2736 830 2972 892 verbis

761 947 972 1010 edidit
987 996 1002 1021 ‚
1066 948 1312 1029 quibus
1376 947 1623 1009 librum
1668 946 1841 1008 VIII
1887 946 2263 1009 concludit:
2320 947 2668 1021 „vitiatam
2710 966 2969 1008 memo-

762 1063 931 1125 riam
977 1061 1376 1125 funebribus
1421 1062 1738 1125 laudibus
1782 1082 1938 1124 reor
1977 1061 2301 1143 falsisque
2332 1063 2706 1144 imaginum
2728 1063 2962 1133 titulis,

759 1181 921 1242 dum
992 1178 1288 1242 familiae
1360 1181 1449 1241 ad
1512 1200 1588 1241 se
1650 1199 1961 1260 quaeque
2023 1178 2276 1241 famam
2333 1199 2558 1241 rerum
2612 1189 2968 1261 gestarum

759 1295 1226 1377 honoremque
1294 1293 1557 1357 fallenti
1626 1294 1984 1356 mendacio
2045 1295 2340 1357 trahunt.
2430 1295 2601 1356 Inde
2663 1305 2848 1357 certe
2895 1304 2972 1356 et

759 1410 1186 1492 singulorum
1231 1419 1434 1492 gesta
1480 1419 1550 1472 et
1595 1410 1874 1491 publica
1918 1421 2357 1472 monumenta
2398 1430 2624 1472 rerum
2664 1408 2967 1473 confusa.

761 1525 908 1588 Nec
971 1526 1328 1608 quisquam
1392 1527 1697 1608 aequalis
1758 1526 2178 1607 temporibus
2222 1526 2357 1588 illis
2404 1527 2695 1607 scriptor
2737 1535 2931 1588 extat
2952 1575 2969 1599 ‚

761 1662 898 1724 quo
966 1642 1130 1704 satis
1197 1652 1385 1706 certo
1454 1651 1734 1705 auctore
1805 1643 2051 1705 stetur''
2092 1639 2151 1723 ¹).
2255 1642 2412 1704 Non
2479 1663 2649 1724 opus
2719 1653 2821 1704 est
2884 1652 2967 1704 ut

765 1767 1142 1821 statuamus
1190 1758 1417 1820 omnia
1463 1778 1547 1820 ea
1592 1758 1880 1820 Liviana
1927 1779 1965 1820 e
1996 1759 2208 1820 nihilo
2237 1757 2399 1821 ficta
2422 1779 2590 1820 esse.
2635 1742 2975 1839 Polybius

769 1883 1033 1936 tantum
1076 1883 1410 1936 memorat
1454 1893 1744 1955 magnas
1793 1884 1865 1937 et
1908 1873 2340 1936 multitudine
2386 1873 2680 1936 hostium
2716 1894 2977 1955 graves

765 1991 1236 2072 expeditiones
1302 1989 1654 2054 Gallorum
1673 2039 1687 2065 ,
1753 1991 2063 2072 quotiens
2125 2012 2167 2053 a
2222 1990 2618 2072 regionibus
2671 1990 2974 2052 Padanis

765 2127 918 2170 cum
989 2126 1242 2189 magno
1318 2107 1632 2170 exercitu·
1685 2108 1988 2169 Romam
2048 2109 2376 2188 petebant
2392 2156 2406 2181 ‚
2479 2118 2550 2169 et
2594 2106 2786 2188 quasi
2828 2127 2973 2168 uno

766 2226 981 2287 verbo
1046 2224 1235 2287 addit
1280 2225 1625 2306 quomodo
1672 2245 1715 2287 a
1758 2225 2092 2287 Romanis
2139 2225 2406 2305 accepti
2452 2224 2583 2286 sint
2600 2246 2613 2298 ;
2662 2224 2783 2286 sed
2827 2244 2974 2285 non
3088 2215 3097 2224 ’

766 2340 992 2403 omnia
1061 2339 1268 2403 refert
1336 2360 1513 2422 quae
1573 2340 1642 2402 in
1704 2340 1825 2403 tali
1889 2341 2327 2422 expeditione
2390 2339 2759 2403 acciderint
2775 2388 2789 2414 ‚
2836 2360 2973 2401 nec

767 2456 989 2539 magis
1036 2457 1201 2520 dicit
1247 2477 1473 2519 omnes
1521 2455 1761 2520 Gallos
1809 2457 2037 2519 statim
2083 2466 2240 2537 post
2284 2457 2575 2538 primum
2613 2476 2975 2519 occursum

771 2573 1049 2635 domum
1110 2573 1406 2635 rediisse.
1500 2573 1726 2635 Multa
1787 2574 2076 2635 suadent
2134 2582 2210 2635 ut
2273 2574 2546 2635 credam
2563 2622 2577 2647 ,
2634 2592 2977 2653 persaepe

766 2689 1044 2771 agmina
1089 2709 1304 2771 parva
1360 2687 1716 2752 Gallorum
1763 2698 1982 2752 totam
2027 2688 2297 2751 Italiam
2342 2687 2818 2770 peragravisse
2837 2736 2851 2762 ‚
2903 2698 2980 2750 et

762 2804 1099 2868 interdum
1199 2824 1326 2886 per
1398 2806 1648 2867 multos
1726 2824 1939 2866 annos
2015 2823 2309 2886 peregre
2335 2853 2349 2878 ,
2425 2803 2822 2884 praesertim
2902 2803 2977 2863 in

767 2919 1056 3001 Apulia,
1121 2920 1462 2982 mansisse.
1559 2919 1653 2982 Hi
1710 2920 2091 3001 praedones
2139 2920 2343 2982 etiam
2390 2900 2661 2999 saepius
2708 2918 2976 2980 Roma—

767 3037 869 3099 nis
915 3037 1197 3119 negotia
1244 3037 1728 3111 exhibuerunt,
1776 3037 1891 3099 vel
1937 3037 2096 3111 soli,
2143 3036 2257 3098 vel
2306 3056 2462 3098 eum
2492 3036 2970 3098 Romanorum

767 3153 1076 3215 hostibus
1139 3153 1349 3216 iuncti
1368 3202 1382 3228 ,
1443 3173 1732 3234 quorum
1794 3152 1976 3215 fama
2019 3153 2379 3234 paullatim
2425 3152 2520 3214 ita
2566 3151 2782 3214 crevit
2803 3200 2817 3225 ,
2864 3161 2941 3214 ut
2961 3201 2977 3225 ‚

767 3268 1070 3349 inprimis
1134 3267 1337 3349 culpa
1398 3267 1662 3350 gloriae
1720 3268 2115 3351 gentiliciae
2134 3317 2148 3343 ,
2197 3288 2449 3350 magna
2493 3268 2712 3342 bella,
2758 3267 2977 3330 victo-

765 3383 907 3446 riae
928 3432 943 3458 ,
990 3383 1316 3465 triumphi
1360 3384 1516 3446 inde
1565 3393 1715 3446 orta
1760 3385 1892 3477 sint
1934 3384 1995 3465 2).

854 3627 899 3707 ¹)
939 3630 1088 3689 Fere
1130 3626 1291 3688 idem
1336 3628 1411 3688 de
1452 3629 1569 3687 hoc
1611 3629 1746 3688 loco
1790 3627 2034 3687 Nitzsch
2077 3630 2255 3688 Rom.
2299 3629 2460 3686 Ann.
2503 3648 2562 3704 p.
2613 3629 2749 3703 278.

849 3727 900 3810 2)
964 3727 1119 3788 Galli
1182 3726 1536 3805 quibuscum
1594 3728 1758 3805 apud
1810 3727 2046 3788 Livium
2104 3728 2433 3788 debellatur
2490 3746 2611 3787 non
2669 3746 2904 3805 semper
2947 3748 2984 3788 e

768 3826 963 3888 Gallia
1008 3836 1172 3888 recta
1214 3825 1311 3886 via
1351 3825 1611 3887 veniunt.
1699 3826 1796 3886 Sic
1841 3829 1974 3887 VII.
2024 3844 2096 3903 25
2141 3835 2169 3899 ξ
2213 3847 2279 3904 3,
2324 3846 2378 3886 a.
2425 3844 2574 3904 350,
2619 3826 2775 3885 Galli
2816 3825 2984 3906 (post

763 3926 1077 3987 victoriam
1139 3925 1394 4007 Camilli)
1451 3946 1523 3986 ex
1580 3926 1828 3987 Albanis
1880 3926 2181 3987 montibus
2201 3974 2215 4000 ,
2259 3926 2400 4004 quia
2441 3926 2650 3986 hiemis
2690 3924 2812 3985 vim
2854 3926 2985 4004 pati

766 4025 1188 4103 nequiverant,
1246 4045 1353 4103 per
1401 4044 1648 4103 campos
1691 4025 2105 4103 maritimaque
2147 4027 2281 4086 loca
2323 4025 2459 4104 vagi
2501 4025 2980 4104 populabantur3

765 4132 793 4197 ἓ
848 4145 888 4198 4
943 4124 1136 4185 eidem
1188 4123 1430 4202 ancipiti
1479 4124 1707 4202 proelio
1749 4145 1889 4184 cum
1931 4124 2177 4185 Graecis
2218 4124 2622 4203 praedonibus
2665 4122 2981 4184 maritimis

767 4234 1029 4298 certant3
1073 4245 1124 4284 e.
1161 4228 1233 4284 26
1268 4223 1482 4283 iterum
1514 4223 1905 4302 profligantur
1927 4243 1964 4283 a
1985 4223 2234 4285 Camillo
2251 4247 2268 4300 ;
2291 4232 2480 4297 m0x§
2513 4245 2549 4302 9
2580 4222 2837 4301 primum
2863 4243 2975 4300 per

768 4325 1019 4383 Volscos
1060 4325 1492 4398 Falernumque
1520 4342 1733 4401 agrum
1762 4322 2025 4400 dissipati
2051 4336 2184 4383 sunt
2205 4347 2217 4381 :
2239 4324 2378 4385 inde
2401 4324 2681 4402 Apuliam
2705 4343 2779 4382 ac
2803 4342 2974 4384 mare
