3375 5084
1759 344 1884 401 228

733 545 1040 598 senatum
1109 555 1147 596 e
1214 531 1407 595 firmo
1478 543 1548 596 et
1607 533 1723 595 diu
1783 511 1940 595 ante
1999 540 2405 613 praeparato
2466 531 2745 594 consilio
2798 551 2911 592 res

730 653 1027 735 gessisse
1046 700 1059 725 ,
1108 671 1260 713 cum
1304 650 1439 712 iam
1485 670 1662 711 anno
1714 670 1796 710 20
1803 670 1859 727 3,
1889 669 2129 712 causas
2175 649 2516 729 quaesitas
2548 668 2698 711 esse
2721 648 2909 709 vide-

731 789 920 831 amus
965 767 1209 849 quibus
1254 776 1494 847 postea
1530 766 1886 829 occasione
1916 766 2078 828 data
2106 765 2367 828 bellum
2390 763 2912 827 Macedonicum

729 885 1155 947 excitaretur.

816 999 1132 1062 Alterum
1178 998 1569 1079 exemplum
1614 998 1939 1060 indicavit
1982 998 2227 1060 Nissen
2271 1017 2335 1078 p.
2371 1020 2409 1076 9
2425 1019 2474 1058 1.
2536 995 2705 1059 Cum
2731 996 2912 1058 enim

730 1117 815 1178 de
877 1115 1116 1177 Prusia
1174 1135 1341 1196 rege
1401 1114 1675 1176 Romae
1728 1114 2027 1196 degente
2074 1114 2242 1176 duas
2288 1113 2683 1176 traditiones
2730 1131 2911 1175 com-

727 1231 1029 1313 posuerit
1073 1230 1307 1292 Livius
1351 1229 1595 1311 (XLV.
1645 1249 1700 1292 c.
1751 1229 1884 1311 44),
1932 1229 2219 1292 alteram
2254 1228 2595 1291 annalium
2627 1229 2916 1291 alteram

726 1347 998 1429 Polybii
1066 1346 1160 1428 (P.
1233 1345 1481 1408 XXX.
1551 1367 1606 1409 c.
1678 1345 1809 1426 16),
1873 1346 2005 1408 hae
2068 1345 2343 1426 quidem
2404 1345 2622 1425 primo
2670 1345 2915 1407 obtutu

726 1485 1000 1545 prorsus
1067 1464 1242 1526 inter
1302 1484 1394 1547 se·
1439 1463 1816 1526 contrariae
1880 1483 2030 1525 esse
2075 1463 2419 1536 videntur,
2466 1481 2707 1524 revera
2751 1481 2915 1524 con-

729 1581 1025 1643 sentiunt
1088 1590 1158 1642 et
1220 1600 1294 1641 se
1340 1580 1630 1641 invicem
1679 1578 1978 1659 explent.
2070 1577 2377 1640 Annalas
2425 1578 2605 1639 enim
2652 1598 2735 1639 ea
2779 1588 2914 1640 tra-

727 1697 894 1759 dunt
940 1716 1116 1777 quae
1163 1716 1204 1757 a
1249 1705 1488 1758 senatu
1530 1695 1806 1776 publice
1854 1695 2038 1757 edita
2070 1704 2278 1769 erant;
2309 1704 2562 1776 quanto
2588 1694 2917 1757 comitatu

727 1821 1049 1893 acceptus
1073 1861 1086 1886 ,
1163 1811 1430 1893 quantis
1505 1812 1874 1874 honoribus
1951 1820 2223 1873 ornatus
2248 1859 2263 1883 ,
2338 1830 2541 1891 quam
2609 1810 2914 1892 benigno

725 1947 1050 2008 responso
1097 1927 1408 1989 dimissus
1453 1925 1657 1989 fuerit
1701 1946 1858 2001 rex;
1907 1926 2238 2007 Polybius
2284 1947 2369 1988 ea
2403 1926 2701 2007 prodidit
2731 1947 2911 2008 quae

728 2064 820 2106 ex
887 2044 1056 2106 actis
1122 2051 1395 2105 senatus
1467 2043 1635 2105 disci
1697 2062 1834 2104 non
1893 2052 2173 2124 possent
2191 2091 2205 2117 ,
2268 2043 2729 2105 adulationem
2786 2042 2920 2104 viri

729 2161 1009 2251 eiusque
1055 2160 1350 2221 animum
1396 2159 1713 2221 servilem
1761 2168 1831 2221 et
1876 2168 2284 2240 corruptum.

815 2276 972 2338 Duo
1035 2276 1240 2338 etiam
1302 2275 1619 2355 exempla
1680 2275 1928 2337 addam
1983 2275 2227 2356 quibus
2282 2272 2712 2337 confirmetur
2755 2295 2909 2337 sen-

727 2393 965 2466 tentia,
1012 2391 1378 2472 Polybium
1423 2411 1559 2453 non
1599 2391 2016 2453 consuluisse
2047 2401 2203 2454 acta
2233 2401 2524 2453 senatus.
2571 2390 2916 2453 Eumenes

728 2509 907 2570 enim
954 2528 1079 2569 rex
1124 2528 1183 2570 a.
1241 2527 1357 2587 173
1408 2506 1503 2589 (P.
1551 2527 1609 2568 a.
1657 2506 1734 2569 L.
1784 2505 2005 2568 XLII.
2052 2527 2106 2569 c.
2149 2529 2215 2568 11
2243 2555 2257 2581 ‚
2290 2507 2515 2569 alinea
2554 2527 2778 2585 13—0.
2812 2506 2917 2587 14)

729 2623 1284 2686 commentarium
1344 2621 1568 2684 ferens
1630 2642 1862 2685 secum
1908 2623 2092 2704 quod
2137 2622 2224 2684 de
2270 2622 2707 2703 apparatibus
2744 2622 2919 2684 belli

727 2760 769 2801 a
815 2739 1022 2801 Perse
1068 2738 1265 2802 factis
1316 2738 1542 2800 omnia
1586 2738 1929 2820 inquirens
1974 2737 2232 2802 fecerat
2248 2787 2261 2812 ,
2297 2739 2599 2801 Romam
2630 2749 2918 2802 venerat

728 2856 905 2938 (ibid.
977 2877 1031 2919 c.
1096 2861 1132 2918 6
1196 2856 1320 2935 in.).
1412 2854 1615 2917 Hunc
1673 2856 2230 2918 commentarium
2263 2876 2335 2917 a.
2393 2878 2415 2917 1
2433 2875 2509 2935 72
2561 2856 2629 2916 in
2674 2864 2919 2917 senatu

726 2971 1052 3034 recitavit.
1143 2970 1361 3033 Addit
1425 2971 1500 3033 P.
1548 2970 1727 3052 (ibid.
1776 2992 1830 3034 e.
1889 2993 1910 3032 1
1926 2994 1965 3048 4
2011 2970 2119 3052 in.)
2173 2972 2278 3045 „in
2321 2972 2707 3052 praesentia
2749 2970 2920 3032 nihil

728 3079 1203 3168 praeterquam
1264 3086 1469 3149 fuisse
1531 3087 1599 3148 in
1657 3087 1843 3149 curia
1887 3106 2126 3168 regem
2171 3088 2345 3150 scire
2391 3087 2746 3170 quisquam
2790 3107 2917 3169 po-

728 3203 886 3277 tuit;
936 3223 1019 3267 eo
1065 3203 1332 3266 silentio
1374 3202 1610 3282 ‚clausa
1658 3204 1843 3266 curia
1889 3204 2080 3267 erat''.
2151 3205 2415 3267 Indicat
2444 3225 2625 3279 sane,
2650 3202 2913 3266 nullum

731 3340 770 3381 e
838 3319 1088 3400 legatis
1159 3316 1437 3382 Graecis
1509 3319 1623 3400 qui
1684 3329 1831 3381 tum
1894 3320 2167 3382 Romae
2231 3330 2422 3382 erant
2483 3320 2574 3401 (et
2633 3320 2920 3381 aderant

729 3434 1012 3515 Rhodii)
1066 3434 1152 3495 de
1198 3433 1518 3496 Eumenis
1564 3434 1869 3497 oratione
1916 3435 2169 3515 aliquid
2214 3436 2490 3498 domum
2534 3435 2919 3498 renuntiare

730 3550 1064 3632 potuisse3
1135 3549 1365 3630 itaque
1435 3551 1616 3613 clare
1679 3551 1976 3613 ostendit
2035 3552 2215 3613 unde
2276 3551 2443 3613 talia
2499 3570 2919 3633 cognoscere
2964 3601 2974 3636 .-

729 3665 967 3729 solitus
1027 3652 1244 3728 fuerit.
1336 3665 1681 3748 Deinceps
1742 3667 1931 3729 addit
2003 3666 2227 3741 „bello
2273 3667 2591 3751 deniques
2611 3655 2917 3749 perfecto

731 3801 1041 3863 quaeque
1109 3782 1291 3844 dicta
1354 3782 1442 3843 ab
1503 3801 1671 3864 rege
1734 3802 2045 3863 quaeque
2091 3802 2418 3865 responsa
2463 3792 2691 3845 essent
2737 3802 2917 3845 ema-

730 3897 1032 3960 navere.''
1250 3979 1255 3983 ι

822 4013 898 4075 Ρ.
962 4012 1210 4076 XXX.
1273 4035 1327 4077 c.
1394 4036 1451 4092 3.
1498 4010 1777 4077 Attalus
1822 4014 2030 4078 frater
2073 4015 2393 4079 Eumenis
2439 4017 2712 4079 Romae
2760 4034 2918 4078 cum

736 4138 976 4191 senatu
1046 4128 1191 4210 egit
1251 4150 1308 4191 a.
1381 4151 1403 4191 ι
1419 4133 1520 4208 67.
1614 4128 1785 4193 Cum
1844 4112 2172 4193 voluisset
2233 4140 2508 4194 senatus
2555 4150 2709 4193 eum
2755 4150 2798 4192 a
2843 4149 2918 4191 se

740 4244 1063 4305 auxilium
1109 4254 1345 4324 petere
1390 4252 1465 4306 ut
1508 4243 1786 4308 fratrem
1833 4265 1872 4306 e
1916 4264 2134 4328 regno
2182 4247 2590 4327 expelleret,
2622 4245 2918 4325 ideoque

741 4377 895 4420 eum
952 4360 1252 4441 benigne
1298 4360 1677 4440 accepisset
1694 4408 1708 4436 ‚
1754 4360 2035 4424 Attalus
2082 4362 2397 4443 opinione
2442 4361 2798 4425 meliorem
2843 4380 2919 4423 se
