3375 5084
1459 355 1540 413 53

414 526 620 588 ratius
697 527 782 589 de
858 528 988 589 hac
1064 547 1138 589 re
1215 538 1381 610 agat
1399 577 1413 603 ‚
1493 529 1709 590 maior
1779 527 1949 591 fides
2021 530 2380 592 tribuenda
2448 552 2598 593 esse

411 642 683 705 videtur
725 638 799 718 ¹);
856 644 912 705 is
958 653 1188 706 autem
1234 644 1400 707 dicit
1444 645 1748 707 tabulam
1795 664 2021 727 gypso
2067 645 2349 708 oblitam
2395 647 2598 728 (deal-

408 758 659 839 batam)
739 769 809 822 et
878 760 1119 823 litteris
1185 780 1473 824 vacuam
1544 761 1902 843 quotannis
1971 781 2147 823 anno
2216 762 2488 825 ineunte
2555 784 2599 824 a

411 873 733 955 pontifice
789 876 1211 957 propositam
1257 897 1407 939 esse
1426 925 1441 952 ,
1487 877 1556 940 in
1601 897 1806 959 quam
1851 877 2165 959 singulae
2211 897 2318 940 res
2334 926 2349 953 ,
2396 888 2597 959 prout

411 1009 643 1052 earum
708 991 1010 1073 cognitio
1072 992 1373 1055 Romam
1433 1002 1873 1075 pervenerat,
1930 1012 2055 1075 per
2099 993 2404 1075 singulos
2450 993 2595 1056 dies

413 1126 454 1167 a
498 1104 820 1186 pontifice
865 1108 1418 1172 inscribebantur.

500 1223 701 1285 Nova
762 1224 998 1286 tabula
1058 1226 1370 1288 adsumta
1432 1245 1581 1288 esse
1614 1225 1913 1288 videtur
1969 1245 2053 1287 eo
2099 1225 2210 1288 die
2256 1245 2390 1306 quo
2434 1226 2595 1288 novi

407 1340 722 1402 consules
740 1389 754 1415 ‚
803 1360 1089 1421 quorum
1129 1341 1404 1403 nomina
1433 1341 2096 1421 praescribebantur,
2121 1341 2595 1423 magistratum

404 1454 693 1530 inibant;
743 1456 1017 1519 comitia
1062 1457 1443 1519 consularia
1487 1456 1927 1528 novissimum
1971 1457 2198 1519 locum
2243 1457 2313 1519 in
2357 1458 2594 1520 tabula

405 1571 822 1636 obtinebant.
891 1572 998 1634 Ita
1044 1572 1224 1635 enim
1270 1573 1477 1635 etiam
1520 1572 1756 1635 Livius
1801 1573 1919 1635 ubi
1966 1574 2245 1635 annales
2291 1573 2593 1654 sequitur

398 1688 561 1750 novi
615 1688 771 1751 anni
816 1688 1077 1751 initium
1122 1688 1539 1770 distinguere
1586 1689 1779 1751 solet.
1873 1688 2203 1751 Aliorum.
2233 1689 2586 1771 magistra-

399 1813 590 1866 tuum
655 1804 724 1866 in
793 1804 949 1867 anni
1011 1804 1299 1867 decursu
1359 1814 1740 1867 creatorum
1806 1804 2079 1867 nomina
2123 1814 2267 1867 tum
2314 1805 2589 1867 demum

401 1939 556 1982 cum
603 1920 815 1983 creati
861 1930 1089 1984 essent
1134 1921 1577 1983 addebantur.

493 2035 624 2099 Hic
669 2056 818 2099 mos
863 2039 1090 2100 stabat
1136 2056 1351 2118 usque
1399 2038 1487 2099 ad
1530 2037 1606 2100 P.
1655 2038 1959 2100 Mucium
2005 2035 2413 2100 Scaevolam
2428 2085 2443 2112 ,
2475 2038 2591 2119 qui

399 2154 636 2216 consul
702 2152 829 2215 fuit
888 2174 947 2215 a.
1019 2175 1041 2214 1
1056 2174 1137 2231 33
1163 2202 1176 2228 ‚
1242 2152 1554 2234 pontifex
1597 2155 1933 2216 maximus
1978 2155 2154 2217 inter
2199 2174 2410 2216 annos
2466 2176 2487 2214 1
2503 2174 2582 2231 32

400 2289 537 2350 quo
583 2270 656 2332 P.
706 2268 1058 2333 Cornelius
1104 2267 1337 2352 Scipio
1382 2271 1577 2334 Pont.
1625 2271 1811 2333 Max.
1856 2270 1982 2334 fuit
2025 2281 2095 2333 et
2124 2280 2283 2352 post
2306 2272 2588 2334 caedem

399 2383 693 2449 Gracchi
758 2386 828 2448 in
886 2385 1127 2449 Asiam
1188 2387 1431 2450 missus
1490 2388 1584 2449 ibi
1638 2397 1928 2450 mortem
1975 2387 2142 2450 obiit
2187 2387 2384 2469 (Plut.
2430 2387 2579 2451 Tib.

397 2500 514 2565 Gr.
579 2523 690 2578 21;
750 2502 887 2567 Cic.
934 2504 1004 2565 in
1051 2503 1243 2568 Catil.
1291 2502 1341 2566 I.
1393 2505 1528 2585 33),
1579 2514 1649 2567 et
1705 2526 1859 2582 114,
1907 2523 2043 2585 quo
2089 2523 2266 2566 anno
2312 2502 2388 2566 L.
2435 2504 2580 2566 Me·

397 2619 603 2681 tellus
648 2629 832 2699 pont.
879 2639 1059 2681 max.
1107 2628 1377 2682 creatus
1425 2629 1530 2682 est
1569 2619 1630 2700 ²).

490 2733 756 2797 Tabula
800 2735 963 2815 quid
1007 2734 1150 2797 fere
1198 2735 1603 2797 continuerit
1616 2783 1630 2809 ‚
1679 2755 1724 2796 a
1755 2733 2012 2797 Catone
2043 2733 2238 2796 nobis
2261 2732 2583 2796 traditum

397 2858 520 2911 est.
611 2849 679 2912 Is
749 2850 927 2912 enim
967 2847 1010 2931 ³)
1087 2870 1259 2925 „non
1304 2851 1497 2912 lubet
1511 2849 1559 2925 ,''
1602 2849 1817 2930 inquit
1834 2898 1848 2923 ,
1903 2848 2237 2923 „scribere
2284 2848 2467 2929 quod
2511 2848 2580 2910 in

396 2966 634 3028 tabula
694 2967 877 3046 apud
922 2965 1313 3046 pontificem
1358 2967 1729 3029 maximum
1775 2975 1879 3028 est
1894 3014 1910 3039 ,
1958 2965 2270 3046 quotiens
2316 2983 2584 3027 annona

397 3102 558 3144 cara
574 3130 589 3155 ,
667 3084 978 3164 quotiens
1053 3084 1257 3146 lunae
1334 3093 1450 3146 aut
1525 3083 1686 3145 solis
1755 3082 2007 3144 lumine
2076 3082 2134 3163 (i.
2204 3101 2260 3143 e.
2329 3080 2584 3162 lumini)

395 3198 625 3280 caligo
686 3209 802 3262 aut
855 3200 1019 3281 quid
1066 3199 1453 3262 obstiterit.''
1541 3199 1911 3261 Praeterea
1954 3200 2200 3260 breves
2246 3198 2333 3259 de
2378 3199 2582 3291 rebus

394 3314 783 3377 domesticis
849 3324 919 3377 et
976 3315 1277 3377 externis
1323 3314 1794 3377 adnotationes
1840 3314 1910 3375 in
1955 3313 2036 3376 iis
2081 3313 2580 3387 scribebantur;

397 3429 561 3510 quid
605 3430 674 3492 in
719 3440 959 3493 senatu
1006 3440 1233 3494 actum
1281 3440 1462 3493 esset
1479 3479 1493 3505 ‚
1541 3431 1907 3493 relationes
1952 3429 2468 3512 magistratuum
2513 3429 2582 3489 in

396 3555 637 3609 senatu
696 3545 920 3609 factae
981 3549 1097 3610 vel
1157 3547 1424 3611 litterae
1486 3547 1555 3609 in
1601 3556 1840 3610 senatu
1884 3547 2105 3609 lectae
2152 3545 2344 3608 brevi
2387 3545 2456 3606 in
2500 3544 2582 3606 iis

392 3662 1000 3744 provulgabantur.

492 3776 971 3859 Quaerendum
1029 3789 1241 3842 restat
1257 3829 1272 3854 ‚
1334 3800 1468 3861 quo
1529 3799 1707 3842 anno
1762 3780 1872 3842 hic
1917 3799 2065 3842 mos
2109 3777 2385 3841 tabulae
2428 3795 2580 3857 pro·

403 3895 761 3974 ponendae
822 3895 1162 3958 institutus
1223 3895 1325 3958 sit.
1419 3893 1561 3958 Sed
1604 3896 1896 3976 primum
1941 3892 2547 3956 demonstrabimus
2561 3940 2578 3965 ‚

488 4172 528 4253 ¹)
571 4174 690 4233 Ct'r.
737 4175 908 4234 Peter
950 4175 987 4232 l.
1030 4176 1067 4232 1.
1113 4194 1171 4250 p.
1212 4175 1321 4232 XI.

474 4271 525 4352 2)
569 4272 690 4331 Cfr.
733 4274 906 4332 Peter
948 4274 985 4331 l.
1027 4273 1065 4332 1.
1109 4292 1170 4349 p.
1211 4274 1437 4331 XVIII.
1480 4282 1540 4331 et
1581 4272 1720 4331 adn.
1771 4292 1821 4330 1.

477 4369 526 4452 ³)
567 4373 684 4448 Ap.
729 4372 879 4432 Gell.
920 4373 998 4429 II.
1048 4373 1142 4431 28.
1187 4374 1242 4430 6.
1286 4369 1498 4451 (fr.‚77
1544 4370 1780 4451 Peter.)
