<?xml version="1.0" encoding="UTF-8"?>
<!DOCTYPE html PUBLIC "-//W3C//DTD XHTML 1.0 Transitional//EN"
    "http://www.w3.org/TR/xhtml1/DTD/xhtml1-transitional.dtd">
<html xmlns="http://www.w3.org/1999/xhtml" xml:lang="en" lang="en">
 <head>
  <title>
</title>
<meta http-equiv="Content-Type" content="text/html;charset=utf-8" />
  <meta name='ocr-system' content='tesseract 3.04.00' />
  <meta name='ocr-capabilities' content='ocr_page ocr_carea ocr_par ocr_line ocrx_word'/>
</head>
<body>
  <div class='ocr_page' id='page_1' title='image "./depolybiifontib00wetegoog_0227.png"; bbox 0 0 3375 5084; ppageno 0'>
   <div class='ocr_carea' id='block_1_1' title="bbox 1415 331 1537 388">
    <p class='ocr_par' dir='ltr' id='par_1_1' title="bbox 1415 331 1537 388">
     <span class='ocr_line' id='line_1_1' title="bbox 1415 331 1537 388; baseline 0 -17"><span class='ocrx_word' id='word_1_1' title='bbox 1415 331 1537 388; x_wconf 86' lang='lat'>215</span> 
     </span>
    </p>
   </div>
   <div class='ocr_carea' id='block_1_2' title="bbox 358 504 2571 1978">
    <p class='ocr_par' dir='ltr' id='par_1_2' title="bbox 358 504 2571 1283">
     <span class='ocr_line' id='line_1_2' title="bbox 358 504 2568 586; baseline -0.001 -18"><span class='ocrx_word' id='word_1_2' title='bbox 358 504 704 568; x_wconf 80' lang='lat' dir='ltr'>Hicesiae</span> <span class='ocrx_word' id='word_1_3' title='bbox 767 504 943 567; x_wconf 91' lang='lat' dir='ltr'>filius</span> <span class='ocrx_word' id='word_1_4' title='bbox 996 504 1445 584; x_wconf 17' lang='lat' dir='ltr'>*Atheniensis</span> <span class='ocrx_word' id='word_1_5' title='bbox 1507 505 1622 586; x_wconf 92' lang='lat' dir='ltr'>(sic</span> <span class='ocrx_word' id='word_1_6' title='bbox 1683 513 1870 567; x_wconf 91' lang='lat' dir='ltr'>recte</span> <span class='ocrx_word' id='word_1_7' title='bbox 1932 525 2056 585; x_wconf 91' lang='lat' dir='ltr'>pro</span> <span class='ocrx_word' id='word_1_8' title='bbox 2109 506 2378 566; x_wconf 90' lang='lat' dir='ltr'>nomine</span> <span class='ocrx_word' id='word_1_9' title='bbox 2426 525 2568 567; x_wconf 93' lang='lat' dir='ltr'>cor-</span> 
     </span>
     <span class='ocr_line' id='line_1_3' title="bbox 384 619 2568 701; baseline -0 -19"><span class='ocrx_word' id='word_1_10' title='bbox 384 630 584 701; x_wconf 89' lang='lat' dir='ltr'>rupto</span> <span class='ocrx_word' id='word_1_11' title='bbox 655 621 795 683; x_wconf 92' lang='lat' dir='ltr'>edit</span> <span class='ocrx_word' id='word_1_12' title='bbox 865 621 940 683; x_wconf 93' lang='lat' dir='ltr'>P.</span> <span class='ocrx_word' id='word_1_13' title='bbox 1004 641 1061 684; x_wconf 91' lang='lat' dir='ltr'>a.</span> <span class='ocrx_word' id='word_1_14' title='bbox 1125 620 1200 682; x_wconf 91' lang='lat' dir='ltr'>L.</span> <span class='ocrx_word' id='word_1_15' title='bbox 1263 619 1682 683; x_wconf 87' lang='lat' dir='ltr'>XXXVIII.</span> <span class='ocrx_word' id='word_1_16' title='bbox 1747 641 1801 684; x_wconf 89' lang='lat' dir='ltr'>c.</span> <span class='ocrx_word' id='word_1_17' title='bbox 1876 619 1990 701; x_wconf 89' lang='lat'>10).</span> <span class='ocrx_word' id='word_1_18' title='bbox 2039 657 2120 663; x_wconf 95' lang='lat'><strong>—</strong></span> <span class='ocrx_word' id='word_1_19' title='bbox 2170 620 2437 682; x_wconf 83' lang='lat' dir='ltr'><strong>Deinde</strong></span> <span class='ocrx_word' id='word_1_20' title='bbox 2493 620 2568 682; x_wconf 92' lang='lat' dir='ltr'>P.</span> 
     </span>
     <span class='ocr_line' id='line_1_4' title="bbox 383 733 2570 818; baseline 0 -22"><span class='ocrx_word' id='word_1_21' title='bbox 383 735 659 798; x_wconf 91' lang='lat' dir='ltr'>XXVI.</span> <span class='ocrx_word' id='word_1_22' title='bbox 724 757 777 799; x_wconf 93' lang='lat' dir='ltr'>c.</span> <span class='ocrx_word' id='word_1_23' title='bbox 846 757 878 816; x_wconf 95' lang='lat'>7</span> <span class='ocrx_word' id='word_1_24' title='bbox 943 737 1020 818; x_wconf 92' lang='lat' dir='ltr'>(a.</span> <span class='ocrx_word' id='word_1_25' title='bbox 1093 759 1115 798; x_wconf 94' lang='lat'>1</span> <span class='ocrx_word' id='word_1_26' title='bbox 1134 756 1209 816; x_wconf 93' lang='lat'>77</span> <span class='ocrx_word' id='word_1_27' title='bbox 1276 736 1642 817; x_wconf 88' lang='lat' dir='ltr'>Lyciorum</span> <span class='ocrx_word' id='word_1_28' title='bbox 1700 736 1915 818; x_wconf 85' lang='lat' dir='ltr'>legati</span> <span class='ocrx_word' id='word_1_29' title='bbox 1968 756 2009 797; x_wconf 98' lang='lat' dir='ltr'>a</span> <span class='ocrx_word' id='word_1_30' title='bbox 2056 733 2316 799; x_wconf 84' lang='lat' dir='ltr'>Senatu</span> <span class='ocrx_word' id='word_1_31' title='bbox 2359 736 2570 798; x_wconf 92' lang='lat' dir='ltr'>auditi</span> 
     </span>
     <span class='ocr_line' id='line_1_5' title="bbox 383 850 2569 934; baseline 0 -20"><span class='ocrx_word' id='word_1_32' title='bbox 383 854 601 933; x_wconf 91' lang='lat' dir='ltr'>iisque</span> <span class='ocrx_word' id='word_1_33' title='bbox 670 872 1069 934; x_wconf 85' lang='lat' dir='ltr'>responsum</span> <span class='ocrx_word' id='word_1_34' title='bbox 1137 854 1370 916; x_wconf 90' lang='lat' dir='ltr'>datum</span> <span class='ocrx_word' id='word_1_35' title='bbox 1431 853 1727 916; x_wconf 85' lang='lat' dir='ltr'>Rhodiis</span> <span class='ocrx_word' id='word_1_36' title='bbox 1785 850 2231 933; x_wconf 83' lang='lat' dir='ltr'>periniquum)</span> <span class='ocrx_word' id='word_1_37' title='bbox 2292 853 2379 914; x_wconf 94' lang='lat' dir='ltr'>de</span> <span class='ocrx_word' id='word_1_38' title='bbox 2436 853 2569 915; x_wconf 89' lang='lat' dir='ltr'>hoc</span> 
     </span>
     <span class='ocr_line' id='line_1_6' title="bbox 383 967 2571 1050; baseline -0 -18"><span class='ocrx_word' id='word_1_39' title='bbox 383 988 711 1049; x_wconf 88' lang='lat' dir='ltr'>responso</span> <span class='ocrx_word' id='word_1_40' title='bbox 767 969 930 1032; x_wconf 87' lang='lat' dir='ltr'>satis</span> <span class='ocrx_word' id='word_1_41' title='bbox 977 971 1302 1041; x_wconf 90' lang='lat' dir='ltr'>acerbum</span> <span class='ocrx_word' id='word_1_42' title='bbox 1346 968 1666 1031; x_wconf 90' lang='lat' dir='ltr'>iudicium</span> <span class='ocrx_word' id='word_1_43' title='bbox 1712 967 1844 1031; x_wconf 91' lang='lat' dir='ltr'>fert</span> <span class='ocrx_word' id='word_1_44' title='bbox 1888 967 2218 1050; x_wconf 90' lang='lat' dir='ltr'>Polybius</span> <span class='ocrx_word' id='word_1_45' title='bbox 2234 1017 2248 1043; x_wconf 90' lang='lat'><strong><em>,</em></strong></span> <span class='ocrx_word' id='word_1_46' title='bbox 2296 988 2571 1049; x_wconf 89' lang='lat' dir='ltr'>prorsus</span> 
     </span>
     <span class='ocr_line' id='line_1_7' title="bbox 386 1080 2566 1168; baseline -0.001 -20"><span class='ocrx_word' id='word_1_47' title='bbox 386 1106 425 1149; x_wconf 83' lang='lat' dir='ltr'>e</span> <span class='ocrx_word' id='word_1_48' title='bbox 496 1095 725 1148; x_wconf 84' lang='lat' dir='ltr'>mente</span> <span class='ocrx_word' id='word_1_49' title='bbox 786 1085 1217 1148; x_wconf 85' lang='lat' dir='ltr'>Rhodiorum</span> <span class='ocrx_word' id='word_1_50' title='bbox 1279 1085 1331 1167; x_wconf 69' lang='grc' dir='ltr'>(ἓ</span> <span class='ocrx_word' id='word_1_51' title='bbox 1396 1089 1433 1147; x_wconf 85' lang='lat'>6</span> <span class='ocrx_word' id='word_1_52' title='bbox 1498 1081 1636 1147; x_wconf 77' lang='grc' dir='ltr'><strong>οὐδ’</strong></span> <span class='ocrx_word' id='word_1_53' title='bbox 1700 1081 1860 1157; x_wconf 80' lang='grc' dir='ltr'><em>ὅλως</em></span> <span class='ocrx_word' id='word_1_54' title='bbox 1915 1093 2134 1168; x_wconf 76' lang='grc' dir='ltr'><strong><em>ἤρκεσε</em></strong></span> <span class='ocrx_word' id='word_1_55' title='bbox 2182 1080 2448 1159; x_wconf 78' lang='grc' dir='ltr'><em>πολλοῖς</em></span> <span class='ocrx_word' id='word_1_56' title='bbox 2495 1085 2566 1149; x_wconf 84' lang='grc' dir='ltr'>τὸ</span> 
     </span>
     <span class='ocr_line' id='line_1_8' title="bbox 385 1198 1680 1283; baseline -0.005 -16"><span class='ocrx_word' id='word_1_57' title='bbox 385 1204 687 1282; x_wconf 77' lang='grc' dir='ltr'>γεγονὸς,</span> <span class='ocrx_word' id='word_1_58' title='bbox 739 1226 796 1267; x_wconf 86' lang='grc' dir='ltr'>κ.</span> <span class='ocrx_word' id='word_1_59' title='bbox 847 1226 904 1266; x_wconf 84' lang='grc' dir='ltr'>τ.</span> <span class='ocrx_word' id='word_1_60' title='bbox 955 1200 1041 1283; x_wconf 87' lang='grc' dir='ltr'>λ.)</span> <span class='ocrx_word' id='word_1_61' title='bbox 1090 1198 1148 1283; x_wconf 93' lang='grc'>1).</span> <span class='ocrx_word' id='word_1_62' title='bbox 1678 1202 1680 1204; x_wconf 55' lang='lat'><em>&#39;</em></span> 
     </span>
    </p>

    <p class='ocr_par' dir='ltr' id='par_1_3' title="bbox 381 1297 2570 1978">
     <span class='ocr_line' id='line_1_9' title="bbox 474 1297 2569 1396; baseline 0 -18"><span class='ocrx_word' id='word_1_63' title='bbox 474 1316 585 1378; x_wconf 91' lang='lat' dir='ltr'>De</span> <span class='ocrx_word' id='word_1_64' title='bbox 648 1316 753 1378; x_wconf 90' lang='lat' dir='ltr'>his</span> <span class='ocrx_word' id='word_1_65' title='bbox 813 1297 982 1379; x_wconf 83' lang='lat' dir='ltr'>locis</span> <span class='ocrx_word' id='word_1_66' title='bbox 1039 1336 1194 1379; x_wconf 92' lang='lat' dir='ltr'>cum</span> <span class='ocrx_word' id='word_1_67' title='bbox 1239 1316 1402 1379; x_wconf 87' lang='lat' dir='ltr'>satis</span> <span class='ocrx_word' id='word_1_68' title='bbox 1448 1325 1715 1379; x_wconf 90' lang='lat' dir='ltr'>constet</span> <span class='ocrx_word' id='word_1_69' title='bbox 1731 1364 1745 1389; x_wconf 94' lang='lat'>,</span> <span class='ocrx_word' id='word_1_70' title='bbox 1791 1316 1926 1377; x_wconf 94' lang='lat' dir='ltr'>iam</span> <span class='ocrx_word' id='word_1_71' title='bbox 1971 1315 2167 1378; x_wconf 92' lang='lat' dir='ltr'>multi</span> <span class='ocrx_word' id='word_1_72' title='bbox 2212 1325 2569 1396; x_wconf 81' lang='lat' dir='ltr'><strong>supersunt</strong></span> 
     </span>
     <span class='ocr_line' id='line_1_10' title="bbox 384 1430 2568 1518; baseline -0 -24"><span class='ocrx_word' id='word_1_73' title='bbox 384 1453 475 1494; x_wconf 81' lang='lat' dir='ltr'>ex</span> <span class='ocrx_word' id='word_1_74' title='bbox 539 1432 854 1506; x_wconf 87' lang='lat' dir='ltr'>„historia</span> <span class='ocrx_word' id='word_1_75' title='bbox 909 1432 1188 1513; x_wconf 88' lang='lat' dir='ltr'>politica</span> <span class='ocrx_word' id='word_1_76' title='bbox 1234 1431 1377 1494; x_wconf 86' lang='lat' dir='ltr'>sive</span> <span class='ocrx_word' id='word_1_77' title='bbox 1424 1430 1882 1513; x_wconf 86' lang='lat' dir='ltr'>pragmatica&#39;&#39;</span> <span class='ocrx_word' id='word_1_78' title='bbox 1929 1430 2206 1518; x_wconf 72' lang='lat' dir='ltr'>Grraeca⁴</span> <span class='ocrx_word' id='word_1_79' title='bbox 2241 1432 2568 1493; x_wconf 91' lang='lat' dir='ltr'>librorum</span> 
     </span>
     <span class='ocr_line' id='line_1_11' title="bbox 383 1547 2569 1629; baseline 0 -20"><span class='ocrx_word' id='word_1_80' title='bbox 383 1547 746 1610; x_wconf 87' lang='lat' dir='ltr'>VII—-XL</span> <span class='ocrx_word' id='word_1_81' title='bbox 764 1597 778 1622; x_wconf 93' lang='lat'><strong>,</strong></span> <span class='ocrx_word' id='word_1_82' title='bbox 826 1548 913 1610; x_wconf 92' lang='lat' dir='ltr'>de</span> <span class='ocrx_word' id='word_1_83' title='bbox 958 1568 1243 1629; x_wconf 88' lang='lat' dir='ltr'>quorum</span> <span class='ocrx_word' id='word_1_84' title='bbox 1291 1547 1554 1629; x_wconf 81' lang='lat' dir='ltr'>origine</span> <span class='ocrx_word' id='word_1_85' title='bbox 1601 1548 1913 1610; x_wconf 91' lang='lat' dir='ltr'>dubitare</span> <span class='ocrx_word' id='word_1_86' title='bbox 1961 1547 2149 1621; x_wconf 90' lang='lat' dir='ltr'>licet;</span> <span class='ocrx_word' id='word_1_87' title='bbox 2183 1547 2281 1609; x_wconf 89' lang='lat' dir='ltr'>sic</span> <span class='ocrx_word' id='word_1_88' title='bbox 2314 1547 2569 1628; x_wconf 90' lang='lat' dir='ltr'>aliquo-</span> 
     </span>
     <span class='ocr_line' id='line_1_12' title="bbox 382 1643 2568 1748; baseline -0.001 -22"><span class='ocrx_word' id='word_1_89' title='bbox 382 1664 512 1726; x_wconf 91' lang='lat' dir='ltr'>ties</span> <span class='ocrx_word' id='word_1_90' title='bbox 577 1643 1013 1726; x_wconf 85' lang='lat' dir='ltr'>conciliorum</span> <span class='ocrx_word' id='word_1_91' title='bbox 1072 1663 1371 1726; x_wconf 80' lang='lat' dir='ltr'>Aetolae</span> <span class='ocrx_word' id='word_1_92' title='bbox 1426 1662 1651 1744; x_wconf 85' lang='lat' dir='ltr'>gentis</span> <span class='ocrx_word' id='word_1_93' title='bbox 1697 1662 2110 1748; x_wconf 86' lang='lat' dir='ltr'>mentionem</span> <span class='ocrx_word' id='word_1_94' title='bbox 2154 1662 2318 1725; x_wconf 86' lang='lat' dir='ltr'>fecit</span> <span class='ocrx_word' id='word_1_95' title='bbox 2362 1662 2568 1743; x_wconf 92' lang='lat' dir='ltr'>Poly-</span> 
     </span>
     <span class='ocr_line' id='line_1_13' title="bbox 381 1779 2570 1861; baseline -0.001 -19"><span class='ocrx_word' id='word_1_96' title='bbox 381 1780 565 1854; x_wconf 84' lang='lat' dir='ltr'>bius3</span> <span class='ocrx_word' id='word_1_97' title='bbox 637 1780 758 1842; x_wconf 89' lang='lat' dir='ltr'>sed</span> <span class='ocrx_word' id='word_1_98' title='bbox 826 1800 1002 1861; x_wconf 90' lang='lat' dir='ltr'>quae</span> <span class='ocrx_word' id='word_1_99' title='bbox 1070 1780 1157 1842; x_wconf 94' lang='lat' dir='ltr'>de</span> <span class='ocrx_word' id='word_1_100' title='bbox 1227 1780 1308 1841; x_wconf 90' lang='lat' dir='ltr'>iis</span> <span class='ocrx_word' id='word_1_101' title='bbox 1376 1780 1745 1842; x_wconf 83' lang='lat' dir='ltr'>memoriae</span> <span class='ocrx_word' id='word_1_102' title='bbox 1806 1780 2187 1854; x_wconf 91' lang='lat' dir='ltr'>mandavit,</span> <span class='ocrx_word' id='word_1_103' title='bbox 2250 1799 2340 1841; x_wconf 85' lang='lat' dir='ltr'>ex</span> <span class='ocrx_word' id='word_1_104' title='bbox 2401 1779 2570 1842; x_wconf 90' lang='lat' dir='ltr'>actis</span> 
     </span>
     <span class='ocr_line' id='line_1_14' title="bbox 381 1879 2568 1978; baseline -0 -21"><span class='ocrx_word' id='word_1_105' title='bbox 381 1879 675 1978; x_wconf 72' lang='lat' dir='ltr'>publicis</span> <span class='ocrx_word' id='word_1_106' title='bbox 720 1894 1128 1958; x_wconf 88' lang='lat' dir='ltr'>Aetolorum</span> <span class='ocrx_word' id='word_1_107' title='bbox 1173 1896 1421 1958; x_wconf 91' lang='lat' dir='ltr'>hausta</span> <span class='ocrx_word' id='word_1_108' title='bbox 1468 1916 1618 1957; x_wconf 91' lang='lat' dir='ltr'>esse</span> <span class='ocrx_word' id='word_1_109' title='bbox 1664 1914 1998 1975; x_wconf 82' lang='lat' dir='ltr'>nusquam</span> <span class='ocrx_word' id='word_1_110' title='bbox 2044 1904 2345 1976; x_wconf 87' lang='lat' dir='ltr'>apparet.</span> <span class='ocrx_word' id='word_1_111' title='bbox 2423 1894 2568 1957; x_wconf 94' lang='lat' dir='ltr'>Me-</span> 
     </span>
    </p>
   </div>
   <div class='ocr_carea' id='block_1_3' title="bbox 382 2009 2568 2210">
    <p class='ocr_par' dir='ltr' id='par_1_4' title="bbox 382 2009 2568 2210">
     <span class='ocr_line' id='line_1_15' title="bbox 382 2009 2567 2099; baseline -0.001 -25"><span class='ocrx_word' id='word_1_112' title='bbox 382 2021 730 2074; x_wconf 89' lang='lat' dir='ltr'>morantur</span> <span class='ocrx_word' id='word_1_113' title='bbox 776 2011 1064 2074; x_wconf 91' lang='lat' dir='ltr'>concilia</span> <span class='ocrx_word' id='word_1_114' title='bbox 1110 2031 1435 2074; x_wconf 89' lang='lat' dir='ltr'>annorum</span> <span class='ocrx_word' id='word_1_115' title='bbox 1488 2033 1558 2073; x_wconf 89' lang='lat'>21</span> <span class='ocrx_word' id='word_1_116' title='bbox 1581 2033 1603 2072; x_wconf 90' lang='lat'>1</span> <span class='ocrx_word' id='word_1_117' title='bbox 1661 2011 1757 2093; x_wconf 93' lang='lat' dir='ltr'>(P.</span> <span class='ocrx_word' id='word_1_118' title='bbox 1806 2031 1864 2072; x_wconf 92' lang='lat' dir='ltr'>a.</span> <span class='ocrx_word' id='word_1_119' title='bbox 1911 2010 1985 2099; x_wconf 90' lang='lat' dir='ltr'>L.</span> <span class='ocrx_word' id='word_1_120' title='bbox 2033 2010 2307 2073; x_wconf 92' lang='lat' dir='ltr'>XXVI.</span> <span class='ocrx_word' id='word_1_121' title='bbox 2347 2031 2401 2073; x_wconf 91' lang='lat' dir='ltr'>c.</span> <span class='ocrx_word' id='word_1_122' title='bbox 2439 2009 2567 2092; x_wconf 83' lang='lat'>24);</span> 
     </span>
     <span class='ocr_line' id='line_1_16' title="bbox 386 2126 2568 2210; baseline -0 -21"><span class='ocrx_word' id='word_1_123' title='bbox 386 2133 513 2191; x_wconf 90' lang='lat'>208</span> <span class='ocrx_word' id='word_1_124' title='bbox 562 2128 655 2210; x_wconf 93' lang='lat' dir='ltr'>(P.</span> <span class='ocrx_word' id='word_1_125' title='bbox 703 2148 764 2190; x_wconf 92' lang='lat' dir='ltr'>a.</span> <span class='ocrx_word' id='word_1_126' title='bbox 808 2127 884 2190; x_wconf 93' lang='lat' dir='ltr'>L.</span> <span class='ocrx_word' id='word_1_127' title='bbox 932 2127 1240 2191; x_wconf 90' lang='lat' dir='ltr'>XXVII.</span> <span class='ocrx_word' id='word_1_128' title='bbox 1290 2149 1343 2191; x_wconf 92' lang='lat' dir='ltr'>c.</span> <span class='ocrx_word' id='word_1_129' title='bbox 1398 2149 1478 2207; x_wconf 87' lang='lat'>29</span> <span class='ocrx_word' id='word_1_130' title='bbox 1525 2126 1690 2209; x_wconf 87' lang='lat' dir='ltr'>fin.);</span> <span class='ocrx_word' id='word_1_131' title='bbox 1748 2149 1868 2207; x_wconf 86' lang='lat'>199</span> <span class='ocrx_word' id='word_1_132' title='bbox 1916 2127 2012 2209; x_wconf 93' lang='lat' dir='ltr'>(P.</span> <span class='ocrx_word' id='word_1_133' title='bbox 2058 2147 2117 2189; x_wconf 92' lang='lat' dir='ltr'>a.</span> <span class='ocrx_word' id='word_1_134' title='bbox 2163 2126 2239 2188; x_wconf 93' lang='lat' dir='ltr'>L.</span> <span class='ocrx_word' id='word_1_135' title='bbox 2285 2126 2568 2189; x_wconf 91' lang='lat' dir='ltr'>XXXI.</span> 
     </span>
    </p>
   </div>
   <div class='ocr_carea' id='block_1_4' title="bbox 390 2282 751 2290">
    <p class='ocr_par' dir='ltr' id='par_1_5' title="bbox 390 2282 751 2290">
     <span class='ocr_line' id='line_1_17' title="bbox 390 2282 751 2290; baseline 0 0"><span class='ocrx_word' id='word_1_136' title='bbox 390 2282 751 2290; x_wconf 95' lang='lat' dir='ltr'> </span> 
     </span>
    </p>
   </div>
   <div class='ocr_carea' id='block_1_5' title="bbox 370 2361 2574 3432">
    <p class='ocr_par' dir='ltr' id='par_1_6' title="bbox 370 2361 2574 3432">
     <span class='ocr_line' id='line_1_18' title="bbox 472 2361 2574 2446; baseline -0 -23"><span class='ocrx_word' id='word_1_137' title='bbox 472 2364 512 2446; x_wconf 90' lang='lat'>¹)</span> <span class='ocrx_word' id='word_1_138' title='bbox 553 2366 868 2425; x_wconf 88' lang='lat' dir='ltr'>Praeterea</span> <span class='ocrx_word' id='word_1_139' title='bbox 907 2365 986 2423; x_wconf 89' lang='lat' dir='ltr'>ad</span> <span class='ocrx_word' id='word_1_140' title='bbox 1028 2364 1228 2423; x_wconf 91' lang='lat' dir='ltr'>Rhod.</span> <span class='ocrx_word' id='word_1_141' title='bbox 1273 2362 1454 2423; x_wconf 88' lang='lat' dir='ltr'>tabul.</span> <span class='ocrx_word' id='word_1_142' title='bbox 1497 2362 1840 2422; x_wconf 87' lang='lat' dir='ltr'>referendae</span> <span class='ocrx_word' id='word_1_143' title='bbox 1882 2361 2156 2422; x_wconf 90' lang='lat' dir='ltr'>videntur</span> <span class='ocrx_word' id='word_1_144' title='bbox 2200 2381 2293 2421; x_wconf 89' lang='lat' dir='ltr'>res</span> <span class='ocrx_word' id='word_1_145' title='bbox 2319 2362 2407 2421; x_wconf 91' lang='lat' dir='ltr'>his</span> <span class='ocrx_word' id='word_1_146' title='bbox 2427 2362 2574 2423; x_wconf 88' lang='lat' dir='ltr'>locis</span> 
     </span>
     <span class='ocr_line' id='line_1_19' title="bbox 375 2461 2572 2539; baseline -0.001 -16"><span class='ocrx_word' id='word_1_147' title='bbox 375 2463 662 2524; x_wconf 85' lang='lat' dir='ltr'>traditae:</span> <span class='ocrx_word' id='word_1_148' title='bbox 707 2465 773 2523; x_wconf 91' lang='lat' dir='ltr'>P.</span> <span class='ocrx_word' id='word_1_149' title='bbox 816 2465 1036 2524; x_wconf 93' lang='lat' dir='ltr'>XXVI.</span> <span class='ocrx_word' id='word_1_150' title='bbox 1081 2482 1133 2522; x_wconf 92' lang='lat' dir='ltr'>c.</span> <span class='ocrx_word' id='word_1_151' title='bbox 1180 2465 1216 2521; x_wconf 89' lang='lat'>8</span> <span class='ocrx_word' id='word_1_152' title='bbox 1258 2471 1318 2521; x_wconf 90' lang='lat' dir='ltr'>et</span> <span class='ocrx_word' id='word_1_153' title='bbox 1360 2481 1413 2521; x_wconf 88' lang='lat' dir='ltr'>e.</span> <span class='ocrx_word' id='word_1_154' title='bbox 1459 2482 1494 2539; x_wconf 91' lang='lat'>9</span> <span class='ocrx_word' id='word_1_155' title='bbox 1537 2470 1564 2534; x_wconf 67' lang='grc' dir='ltr'><strong>ς</strong></span> <span class='ocrx_word' id='word_1_156' title='bbox 1613 2482 1638 2521; x_wconf 99' lang='lat'>1</span> <span class='ocrx_word' id='word_1_157' title='bbox 1662 2508 1676 2535; x_wconf 93' lang='lat'>‚</span> <span class='ocrx_word' id='word_1_158' title='bbox 1719 2461 1831 2538; x_wconf 85' lang='lat' dir='ltr'>leg.</span> <span class='ocrx_word' id='word_1_159' title='bbox 1880 2461 2079 2521; x_wconf 93' lang='lat' dir='ltr'>Rhod.</span> <span class='ocrx_word' id='word_1_160' title='bbox 2124 2462 2382 2521; x_wconf 88' lang='lat' dir='ltr'>Romam</span> <span class='ocrx_word' id='word_1_161' title='bbox 2413 2461 2572 2521; x_wconf 91' lang='lat' dir='ltr'>missi</span> 
     </span>
     <span class='ocr_line' id='line_1_20' title="bbox 374 2559 2565 2639; baseline -0.002 -17"><span class='ocrx_word' id='word_1_162' title='bbox 374 2583 427 2623; x_wconf 92' lang='lat' dir='ltr'>a.</span> <span class='ocrx_word' id='word_1_163' title='bbox 495 2565 624 2639; x_wconf 88' lang='lat'>176.</span> <span class='ocrx_word' id='word_1_164' title='bbox 681 2599 763 2607; x_wconf 86' lang='lat'>——</span> <span class='ocrx_word' id='word_1_165' title='bbox 817 2564 883 2621; x_wconf 93' lang='lat' dir='ltr'>P.</span> <span class='ocrx_word' id='word_1_166' title='bbox 926 2583 980 2621; x_wconf 92' lang='lat' dir='ltr'>a.</span> <span class='ocrx_word' id='word_1_167' title='bbox 1023 2565 1090 2622; x_wconf 94' lang='lat' dir='ltr'>L.</span> <span class='ocrx_word' id='word_1_168' title='bbox 1134 2563 1303 2621; x_wconf 86' lang='lat' dir='ltr'>XLII</span> <span class='ocrx_word' id='word_1_169' title='bbox 1346 2580 1397 2620; x_wconf 93' lang='lat' dir='ltr'>c.</span> <span class='ocrx_word' id='word_1_170' title='bbox 1450 2581 1524 2635; x_wconf 92' lang='lat'>14</span> <span class='ocrx_word' id='word_1_171' title='bbox 1564 2561 1723 2620; x_wconf 90' lang='lat' dir='ltr'>med.</span> <span class='ocrx_word' id='word_1_172' title='bbox 1769 2580 1822 2618; x_wconf 93' lang='lat' dir='ltr'>a.</span> <span class='ocrx_word' id='word_1_173' title='bbox 1874 2577 2019 2638; x_wconf 86' lang='lat'>172,</span> <span class='ocrx_word' id='word_1_174' title='bbox 2062 2559 2240 2619; x_wconf 92' lang='lat' dir='ltr'>idem.</span> <span class='ocrx_word' id='word_1_175' title='bbox 2285 2596 2362 2603; x_wconf 90' lang='lat'>—-</span> <span class='ocrx_word' id='word_1_176' title='bbox 2406 2561 2471 2618; x_wconf 90' lang='lat' dir='ltr'>P.</span> <span class='ocrx_word' id='word_1_177' title='bbox 2515 2581 2565 2619; x_wconf 90' lang='lat' dir='ltr'>a.</span> 
     </span>
     <span class='ocr_line' id='line_1_21' title="bbox 372 2658 2571 2741; baseline -0.001 -19"><span class='ocrx_word' id='word_1_178' title='bbox 372 2666 442 2722; x_wconf 95' lang='lat' dir='ltr'>L.</span> <span class='ocrx_word' id='word_1_179' title='bbox 498 2664 684 2721; x_wconf 93' lang='lat' dir='ltr'>XLII.</span> <span class='ocrx_word' id='word_1_180' title='bbox 742 2682 796 2720; x_wconf 91' lang='lat' dir='ltr'>c.</span> <span class='ocrx_word' id='word_1_181' title='bbox 853 2678 927 2738; x_wconf 91' lang='lat'>45</span> <span class='ocrx_word' id='word_1_182' title='bbox 987 2659 1076 2741; x_wconf 94' lang='lat' dir='ltr'>(P.</span> <span class='ocrx_word' id='word_1_183' title='bbox 1133 2662 1386 2720; x_wconf 91' lang='lat' dir='ltr'>XXVII.</span> <span class='ocrx_word' id='word_1_184' title='bbox 1445 2680 1500 2719; x_wconf 92' lang='lat' dir='ltr'>c.</span> <span class='ocrx_word' id='word_1_185' title='bbox 1556 2659 1617 2740; x_wconf 81' lang='lat'>3)</span> <span class='ocrx_word' id='word_1_186' title='bbox 1658 2679 1712 2718; x_wconf 90' lang='lat' dir='ltr'>a.</span> <span class='ocrx_word' id='word_1_187' title='bbox 1763 2677 1870 2735; x_wconf 90' lang='lat'>171</span> <span class='ocrx_word' id='word_1_188' title='bbox 1917 2658 2143 2719; x_wconf 85' lang='lat' dir='ltr'>Rhodii</span> <span class='ocrx_word' id='word_1_189' title='bbox 2184 2678 2322 2718; x_wconf 88' lang='lat' dir='ltr'>cum</span> <span class='ocrx_word' id='word_1_190' title='bbox 2362 2658 2571 2737; x_wconf 88' lang='lat' dir='ltr'>legatis</span> 
     </span>
     <span class='ocr_line' id='line_1_22' title="bbox 372 2757 2565 2839; baseline -0.002 -18"><span class='ocrx_word' id='word_1_191' title='bbox 372 2760 663 2822; x_wconf 89' lang='lat' dir='ltr'>Romanis</span> <span class='ocrx_word' id='word_1_192' title='bbox 703 2770 905 2839; x_wconf 89' lang='lat' dir='ltr'>agunt.</span> <span class='ocrx_word' id='word_1_193' title='bbox 948 2797 1028 2804; x_wconf 93' lang='lat'>—-</span> <span class='ocrx_word' id='word_1_194' title='bbox 1069 2762 1134 2819; x_wconf 91' lang='lat' dir='ltr'>P.</span> <span class='ocrx_word' id='word_1_195' title='bbox 1179 2780 1232 2819; x_wconf 89' lang='lat' dir='ltr'>a.</span> <span class='ocrx_word' id='word_1_196' title='bbox 1275 2762 1326 2819; x_wconf 93' lang='lat' dir='ltr'><strong>L</strong></span> <span class='ocrx_word' id='word_1_197' title='bbox 1385 2761 1572 2819; x_wconf 93' lang='lat' dir='ltr'>XLII.</span> <span class='ocrx_word' id='word_1_198' title='bbox 1618 2778 1669 2819; x_wconf 93' lang='lat' dir='ltr'>c.</span> <span class='ocrx_word' id='word_1_199' title='bbox 1717 2762 1793 2833; x_wconf 91' lang='lat'>46</span> <span class='ocrx_word' id='word_1_200' title='bbox 1837 2757 1926 2839; x_wconf 91' lang='lat' dir='ltr'>(P.</span> <span class='ocrx_word' id='word_1_201' title='bbox 1968 2758 2111 2819; x_wconf 91' lang='lat' dir='ltr'>ibid.</span> <span class='ocrx_word' id='word_1_202' title='bbox 2154 2777 2207 2817; x_wconf 91' lang='lat' dir='ltr'>c.</span> <span class='ocrx_word' id='word_1_203' title='bbox 2252 2757 2315 2838; x_wconf 89' lang='lat'>4)</span> <span class='ocrx_word' id='word_1_204' title='bbox 2355 2777 2408 2818; x_wconf 90' lang='lat' dir='ltr'>a.</span> <span class='ocrx_word' id='word_1_205' title='bbox 2458 2776 2565 2834; x_wconf 91' lang='lat'>171</span> 
     </span>
     <span class='ocr_line' id='line_1_23' title="bbox 373 2859 2570 2937; baseline -0.002 -16"><span class='ocrx_word' id='word_1_206' title='bbox 373 2864 618 2937; x_wconf 79' lang='lat' dir='ltr'>epistola</span> <span class='ocrx_word' id='word_1_207' title='bbox 672 2860 869 2920; x_wconf 84' lang='lat' dir='ltr'>Persei</span> <span class='ocrx_word' id='word_1_208' title='bbox 912 2859 1162 2920; x_wconf 86' lang='lat' dir='ltr'>Rhodiis</span> <span class='ocrx_word' id='word_1_209' title='bbox 1211 2859 1407 2919; x_wconf 88' lang='lat' dir='ltr'>missa.</span> <span class='ocrx_word' id='word_1_210' title='bbox 1451 2862 1514 2919; x_wconf 94' lang='lat' dir='ltr'>P.</span> <span class='ocrx_word' id='word_1_211' title='bbox 1557 2861 1809 2919; x_wconf 92' lang='lat' dir='ltr'>XXVII.</span> <span class='ocrx_word' id='word_1_212' title='bbox 1853 2879 1906 2918; x_wconf 92' lang='lat' dir='ltr'>c.</span> <span class='ocrx_word' id='word_1_213' title='bbox 1954 2862 1989 2918; x_wconf 91' lang='lat'><strong>6</strong></span> <span class='ocrx_word' id='word_1_214' title='bbox 2008 2904 2022 2932; x_wconf 92' lang='lat'>‚</span> <span class='ocrx_word' id='word_1_215' title='bbox 2066 2878 2120 2918; x_wconf 90' lang='lat' dir='ltr'>a.</span> <span class='ocrx_word' id='word_1_216' title='bbox 2171 2880 2196 2918; x_wconf 92' lang='lat'>1</span> <span class='ocrx_word' id='word_1_217' title='bbox 2210 2876 2239 2934; x_wconf 90' lang='lat'><strong>7</strong></span> <span class='ocrx_word' id='word_1_218' title='bbox 2253 2879 2278 2917; x_wconf 92' lang='lat'>1</span> <span class='ocrx_word' id='word_1_219' title='bbox 2327 2861 2570 2935; x_wconf 79' lang='lat' dir='ltr'>epistola</span> 
     </span>
     <span class='ocr_line' id='line_1_24' title="bbox 373 2957 2572 3035; baseline -0.001 -16"><span class='ocrx_word' id='word_1_220' title='bbox 373 2958 585 3019; x_wconf 90' lang='lat' dir='ltr'>Licinii</span> <span class='ocrx_word' id='word_1_221' title='bbox 645 2957 896 3019; x_wconf 88' lang='lat' dir='ltr'>Rhodiis</span> <span class='ocrx_word' id='word_1_222' title='bbox 959 2959 1118 3018; x_wconf 91' lang='lat' dir='ltr'>data.</span> <span class='ocrx_word' id='word_1_223' title='bbox 1181 2960 1246 3018; x_wconf 88' lang='lat' dir='ltr'>P.</span> <span class='ocrx_word' id='word_1_224' title='bbox 1310 2960 1559 3018; x_wconf 89' lang='lat' dir='ltr'>XXVII.</span> <span class='ocrx_word' id='word_1_225' title='bbox 1627 2978 1680 3017; x_wconf 89' lang='lat' dir='ltr'>e.</span> <span class='ocrx_word' id='word_1_226' title='bbox 1751 2978 1817 3017; x_wconf 90' lang='lat'>11</span> <span class='ocrx_word' id='word_1_227' title='bbox 1840 3004 1855 3031; x_wconf 94' lang='lat'>,</span> <span class='ocrx_word' id='word_1_228' title='bbox 1915 2978 1966 3017; x_wconf 89' lang='lat' dir='ltr'>a.</span> <span class='ocrx_word' id='word_1_229' title='bbox 2033 2974 2144 3031; x_wconf 93' lang='lat'>170</span> <span class='ocrx_word' id='word_1_230' title='bbox 2202 2958 2326 3035; x_wconf 85' lang='lat' dir='ltr'>leg..</span> <span class='ocrx_word' id='word_1_231' title='bbox 2374 2957 2572 3017; x_wconf 91' lang='lat' dir='ltr'>Persei</span> 
     </span>
     <span class='ocr_line' id='line_1_25' title="bbox 372 3056 2569 3135; baseline 0 -17"><span class='ocrx_word' id='word_1_232' title='bbox 372 3059 657 3119; x_wconf 89' lang='lat' dir='ltr'>Rhodum</span> <span class='ocrx_word' id='word_1_233' title='bbox 702 3057 881 3122; x_wconf 84' lang='lat' dir='ltr'>missi.</span> <span class='ocrx_word' id='word_1_234' title='bbox 965 3059 1027 3115; x_wconf 91' lang='lat' dir='ltr'>P.</span> <span class='ocrx_word' id='word_1_235' title='bbox 1075 3059 1357 3117; x_wconf 92' lang='lat' dir='ltr'>XXVIII.</span> <span class='ocrx_word' id='word_1_236' title='bbox 1401 3077 1455 3116; x_wconf 94' lang='lat' dir='ltr'>c.</span> <span class='ocrx_word' id='word_1_237' title='bbox 1505 3078 1573 3117; x_wconf 86' lang='lat'>12</span> <span class='ocrx_word' id='word_1_238' title='bbox 1617 3058 1730 3135; x_wconf 88' lang='lat' dir='ltr'>leg.</span> <span class='ocrx_word' id='word_1_239' title='bbox 1776 3057 1975 3117; x_wconf 91' lang='lat' dir='ltr'>Rhod.</span> <span class='ocrx_word' id='word_1_240' title='bbox 2022 3056 2082 3115; x_wconf 92' lang='lat' dir='ltr'>in</span> <span class='ocrx_word' id='word_1_241' title='bbox 2124 3065 2333 3116; x_wconf 89' lang='lat' dir='ltr'>senatu</span> <span class='ocrx_word' id='word_1_242' title='bbox 2354 3075 2405 3116; x_wconf 89' lang='lat' dir='ltr'>a.</span> <span class='ocrx_word' id='word_1_243' title='bbox 2438 3060 2569 3134; x_wconf 90' lang='lat'>169.</span> 
     </span>
     <span class='ocr_line' id='line_1_26' title="bbox 371 3155 2568 3233; baseline -0.001 -15"><span class='ocrx_word' id='word_1_244' title='bbox 371 3156 529 3218; x_wconf 91' lang='lat' dir='ltr'>Ibid.</span> <span class='ocrx_word' id='word_1_245' title='bbox 586 3178 638 3217; x_wconf 89' lang='lat' dir='ltr'>e.</span> <span class='ocrx_word' id='word_1_246' title='bbox 703 3177 776 3231; x_wconf 92' lang='lat'>14</span> <span class='ocrx_word' id='word_1_247' title='bbox 826 3158 1070 3233; x_wconf 80' lang='lat' dir='ltr'>epistola</span> <span class='ocrx_word' id='word_1_248' title='bbox 1120 3156 1369 3216; x_wconf 89' lang='lat' dir='ltr'>Senatus</span> <span class='ocrx_word' id='word_1_249' title='bbox 1410 3177 1447 3215; x_wconf 92' lang='lat' dir='ltr'>a</span> <span class='ocrx_word' id='word_1_250' title='bbox 1488 3155 1740 3216; x_wconf 89' lang='lat' dir='ltr'>Rhodiis</span> <span class='ocrx_word' id='word_1_251' title='bbox 1782 3165 2033 3233; x_wconf 89' lang='lat' dir='ltr'>accepta</span> <span class='ocrx_word' id='word_1_252' title='bbox 2074 3174 2125 3214; x_wconf 90' lang='lat' dir='ltr'>a.</span> <span class='ocrx_word' id='word_1_253' title='bbox 2177 3158 2324 3233; x_wconf 90' lang='lat'><strong>169,</strong></span> <span class='ocrx_word' id='word_1_254' title='bbox 2367 3156 2568 3216; x_wconf 91' lang='lat' dir='ltr'>Rhod.</span> 
     </span>
     <span class='ocr_line' id='line_1_27' title="bbox 370 3254 2572 3335; baseline -0.001 -20"><span class='ocrx_word' id='word_1_255' title='bbox 370 3258 487 3335; x_wconf 87' lang='lat' dir='ltr'>leg.</span> <span class='ocrx_word' id='word_1_256' title='bbox 543 3258 803 3317; x_wconf 90' lang='lat' dir='ltr'>Romam</span> <span class='ocrx_word' id='word_1_257' title='bbox 858 3255 1189 3314; x_wconf 90' lang='lat' dir='ltr'>mittuntur.</span> <span class='ocrx_word' id='word_1_258' title='bbox 1274 3257 1339 3316; x_wconf 94' lang='lat' dir='ltr'>P.</span> <span class='ocrx_word' id='word_1_259' title='bbox 1383 3257 1665 3315; x_wconf 86' lang='lat' dir='ltr'>XXVIII.</span> <span class='ocrx_word' id='word_1_260' title='bbox 1712 3275 1764 3314; x_wconf 92' lang='lat' dir='ltr'>c.</span> <span class='ocrx_word' id='word_1_261' title='bbox 1816 3275 1887 3331; x_wconf 90' lang='lat'>19</span> <span class='ocrx_word' id='word_1_262' title='bbox 1930 3256 2042 3333; x_wconf 86' lang='lat' dir='ltr'>leg.</span> <span class='ocrx_word' id='word_1_263' title='bbox 2084 3255 2285 3315; x_wconf 92' lang='lat' dir='ltr'>Rhod.</span> <span class='ocrx_word' id='word_1_264' title='bbox 2329 3254 2408 3314; x_wconf 92' lang='lat' dir='ltr'>ad</span> <span class='ocrx_word' id='word_1_265' title='bbox 2449 3257 2572 3314; x_wconf 91' lang='lat' dir='ltr'>An-</span> 
     </span>
     <span class='ocr_line' id='line_1_28' title="bbox 374 3353 2567 3432; baseline -0 -18"><span class='ocrx_word' id='word_1_266' title='bbox 374 3355 642 3416; x_wconf 87' lang='lat' dir='ltr'>tiochum</span> <span class='ocrx_word' id='word_1_267' title='bbox 685 3355 1109 3415; x_wconf 88' lang='lat' dir='ltr'>Alexandriam</span> <span class='ocrx_word' id='word_1_268' title='bbox 1154 3354 1341 3430; x_wconf 87' lang='lat' dir='ltr'>missi‚</span> <span class='ocrx_word' id='word_1_269' title='bbox 1384 3365 1451 3415; x_wconf 92' lang='lat' dir='ltr'>ut</span> <span class='ocrx_word' id='word_1_270' title='bbox 1489 3374 1702 3432; x_wconf 91' lang='lat' dir='ltr'>pacem</span> <span class='ocrx_word' id='word_1_271' title='bbox 1731 3353 2082 3418; x_wconf 81' lang='lat' dir='ltr'>Ptolemaeis</span> <span class='ocrx_word' id='word_1_272' title='bbox 2110 3364 2321 3431; x_wconf 89' lang='lat' dir='ltr'>parent</span> <span class='ocrx_word' id='word_1_273' title='bbox 2343 3374 2397 3414; x_wconf 91' lang='lat' dir='ltr'>a.</span> <span class='ocrx_word' id='word_1_274' title='bbox 2428 3357 2567 3432; x_wconf 77' lang='lat'>1695</span> 
     </span>
    </p>
   </div>
   <div class='ocr_carea' id='block_1_6' title="bbox 374 3453 2685 3533">
    <p class='ocr_par' dir='ltr' id='par_1_7' title="bbox 374 3453 2685 3533">
     <span class='ocr_line' id='line_1_29' title="bbox 374 3453 2685 3533; baseline -0 -19"><span class='ocrx_word' id='word_1_275' title='bbox 374 3474 724 3532; x_wconf 88' lang='lat' dir='ltr'>responsum</span> <span class='ocrx_word' id='word_1_276' title='bbox 766 3453 938 3533; x_wconf 83' lang='lat' dir='ltr'>regiS.</span> <span class='ocrx_word' id='word_1_277' title='bbox 1021 3456 1086 3513; x_wconf 92' lang='lat' dir='ltr'>P.</span> <span class='ocrx_word' id='word_1_278' title='bbox 1130 3456 1353 3513; x_wconf 91' lang='lat' dir='ltr'>XXIX.</span> <span class='ocrx_word' id='word_1_279' title='bbox 1398 3474 1450 3514; x_wconf 94' lang='lat' dir='ltr'>c.</span> <span class='ocrx_word' id='word_1_280' title='bbox 1497 3476 1536 3528; x_wconf 91' lang='lat'>4</span> <span class='ocrx_word' id='word_1_281' title='bbox 1577 3464 1636 3514; x_wconf 91' lang='lat' dir='ltr'>et</span> <span class='ocrx_word' id='word_1_282' title='bbox 1678 3474 1730 3513; x_wconf 86' lang='lat' dir='ltr'>e.</span> <span class='ocrx_word' id='word_1_283' title='bbox 1781 3472 1810 3530; x_wconf 94' lang='lat'><strong>7</strong></span> <span class='ocrx_word' id='word_1_284' title='bbox 1857 3473 1911 3513; x_wconf 88' lang='lat' dir='ltr'>a.</span> <span class='ocrx_word' id='word_1_285' title='bbox 1961 3456 2074 3513; x_wconf 88' lang='lat'>168</span> <span class='ocrx_word' id='word_1_286' title='bbox 2116 3454 2314 3513; x_wconf 91' lang='lat' dir='ltr'>Rhod.</span> <span class='ocrx_word' id='word_1_287' title='bbox 2357 3454 2470 3531; x_wconf 88' lang='lat' dir='ltr'>leg.</span> <span class='ocrx_word' id='word_1_288' title='bbox 2506 3453 2568 3513; x_wconf 89' lang='lat' dir='ltr'>in</span> <span class='ocrx_word' id='word_1_289' title='bbox 2676 3483 2685 3491; x_wconf 91' lang='lat'><strong>·</strong></span> 
     </span>
    </p>
   </div>
   <div class='ocr_carea' id='block_1_7' title="bbox 332 3552 2571 4411">
    <p class='ocr_par' dir='ltr' id='par_1_8' title="bbox 332 3552 2571 4411">
     <span class='ocr_line' id='line_1_30' title="bbox 373 3552 2567 3631; baseline -0.002 -17"><span class='ocrx_word' id='word_1_290' title='bbox 373 3557 594 3614; x_wconf 89' lang='lat' dir='ltr'>Senatu</span> <span class='ocrx_word' id='word_1_291' title='bbox 636 3553 739 3631; x_wconf 89' lang='lat' dir='ltr'>qui</span> <span class='ocrx_word' id='word_1_292' title='bbox 779 3554 858 3613; x_wconf 90' lang='lat' dir='ltr'>ad</span> <span class='ocrx_word' id='word_1_293' title='bbox 901 3573 1112 3631; x_wconf 89' lang='lat' dir='ltr'>pacem</span> <span class='ocrx_word' id='word_1_294' title='bbox 1155 3574 1292 3614; x_wconf 90' lang='lat' dir='ltr'>cum</span> <span class='ocrx_word' id='word_1_295' title='bbox 1334 3555 1550 3614; x_wconf 88' lang='lat' dir='ltr'>Perseo</span> <span class='ocrx_word' id='word_1_296' title='bbox 1582 3554 1900 3628; x_wconf 88' lang='lat' dir='ltr'>suadeant,</span> <span class='ocrx_word' id='word_1_297' title='bbox 1932 3572 2278 3631; x_wconf 90' lang='lat' dir='ltr'>responsum</span> <span class='ocrx_word' id='word_1_298' title='bbox 2301 3552 2567 3612; x_wconf 85' lang='lat' dir='ltr'>Senatus.</span> 
     </span>
     <span class='ocr_line' id='line_1_31' title="bbox 373 3651 2571 3731; baseline -0.002 -16"><span class='ocrx_word' id='word_1_299' title='bbox 373 3653 529 3716; x_wconf 91' lang='lat' dir='ltr'>Ibid.</span> <span class='ocrx_word' id='word_1_300' title='bbox 585 3675 637 3713; x_wconf 88' lang='lat' dir='ltr'>e.</span> <span class='ocrx_word' id='word_1_301' title='bbox 694 3669 725 3729; x_wconf 89' lang='lat'><strong>5</strong></span> <span class='ocrx_word' id='word_1_302' title='bbox 768 3653 881 3731; x_wconf 88' lang='lat' dir='ltr'>leg.</span> <span class='ocrx_word' id='word_1_303' title='bbox 926 3651 1168 3713; x_wconf 91' lang='lat' dir='ltr'>Genthii</span> <span class='ocrx_word' id='word_1_304' title='bbox 1210 3652 1442 3731; x_wconf 87' lang='lat' dir='ltr'>Illyriae</span> <span class='ocrx_word' id='word_1_305' title='bbox 1483 3651 1638 3731; x_wconf 87' lang='lat' dir='ltr'>regis</span> <span class='ocrx_word' id='word_1_306' title='bbox 1679 3671 1718 3712; x_wconf 89' lang='lat' dir='ltr'>a</span> <span class='ocrx_word' id='word_1_307' title='bbox 1758 3652 2008 3713; x_wconf 88' lang='lat' dir='ltr'>Rhodiis</span> <span class='ocrx_word' id='word_1_308' title='bbox 2046 3652 2299 3730; x_wconf 86' lang='lat' dir='ltr'>benigne</span> <span class='ocrx_word' id='word_1_309' title='bbox 2339 3651 2571 3729; x_wconf 87' lang='lat' dir='ltr'>accepti</span> 
     </span>
     <span class='ocr_line' id='line_1_32' title="bbox 373 3750 2570 3832; baseline -0.003 -17"><span class='ocrx_word' id='word_1_310' title='bbox 373 3774 429 3815; x_wconf 91' lang='lat' dir='ltr'>a.</span> <span class='ocrx_word' id='word_1_311' title='bbox 495 3756 624 3814; x_wconf 89' lang='lat'>168.</span> <span class='ocrx_word' id='word_1_312' title='bbox 697 3754 761 3811; x_wconf 88' lang='lat' dir='ltr'>P.</span> <span class='ocrx_word' id='word_1_313' title='bbox 821 3772 875 3813; x_wconf 91' lang='lat' dir='ltr'>a.</span> <span class='ocrx_word' id='word_1_314' title='bbox 919 3756 986 3812; x_wconf 95' lang='lat' dir='ltr'>L.</span> <span class='ocrx_word' id='word_1_315' title='bbox 1030 3754 1214 3814; x_wconf 93' lang='lat' dir='ltr'>XLV.</span> <span class='ocrx_word' id='word_1_316' title='bbox 1261 3774 1318 3813; x_wconf 89' lang='lat' dir='ltr'>c.</span> <span class='ocrx_word' id='word_1_317' title='bbox 1363 3773 1434 3811; x_wconf 92' lang='lat'>10</span> <span class='ocrx_word' id='word_1_318' title='bbox 1475 3753 1588 3831; x_wconf 86' lang='lat' dir='ltr'>leg.</span> <span class='ocrx_word' id='word_1_319' title='bbox 1633 3752 1893 3812; x_wconf 88' lang='lat' dir='ltr'>Romani</span> <span class='ocrx_word' id='word_1_320' title='bbox 1937 3750 2244 3832; x_wconf 85' lang='lat' dir='ltr'>(Popilius)</span> <span class='ocrx_word' id='word_1_321' title='bbox 2284 3751 2570 3811; x_wconf 91' lang='lat' dir='ltr'>Rhodum</span> 
     </span>
     <span class='ocr_line' id='line_1_33' title="bbox 371 3850 2564 3931; baseline -0.001 -19"><span class='ocrx_word' id='word_1_322' title='bbox 371 3851 619 3913; x_wconf 91' lang='lat' dir='ltr'>veniunt</span> <span class='ocrx_word' id='word_1_323' title='bbox 629 3875 645 3927; x_wconf 82' lang='lat'><em>3</em></span> <span class='ocrx_word' id='word_1_324' title='bbox 697 3851 874 3912; x_wconf 89' lang='lat' dir='ltr'>amici</span> <span class='ocrx_word' id='word_1_325' title='bbox 914 3851 1113 3911; x_wconf 91' lang='lat' dir='ltr'>Persei</span> <span class='ocrx_word' id='word_1_326' title='bbox 1155 3851 1349 3929; x_wconf 91' lang='lat' dir='ltr'>capite</span> <span class='ocrx_word' id='word_1_327' title='bbox 1392 3851 1657 3911; x_wconf 89' lang='lat' dir='ltr'>damnati</span> <span class='ocrx_word' id='word_1_328' title='bbox 1699 3850 1786 3931; x_wconf 92' lang='lat' dir='ltr'>(P.</span> <span class='ocrx_word' id='word_1_329' title='bbox 1832 3852 2023 3910; x_wconf 93' lang='lat' dir='ltr'>XXX.</span> <span class='ocrx_word' id='word_1_330' title='bbox 2068 3869 2116 3908; x_wconf 91' lang='lat' dir='ltr'>c.</span> <span class='ocrx_word' id='word_1_331' title='bbox 2163 3870 2202 3922; x_wconf 99' lang='lat'>4</span> <span class='ocrx_word' id='word_1_332' title='bbox 2243 3858 2303 3909; x_wconf 90' lang='lat' dir='ltr'>et</span> <span class='ocrx_word' id='word_1_333' title='bbox 2342 3851 2564 3909; x_wconf 92' lang='lat' dir='ltr'>XXXI.</span> 
     </span>
     <span class='ocr_line' id='line_1_34' title="bbox 374 3948 2565 4030; baseline -0.002 -18"><span class='ocrx_word' id='word_1_334' title='bbox 374 3974 428 4013; x_wconf 91' lang='lat' dir='ltr'>c.</span> <span class='ocrx_word' id='word_1_335' title='bbox 493 3970 522 4028; x_wconf 90' lang='lat'><strong>7</strong></span> <span class='ocrx_word' id='word_1_336' title='bbox 580 3953 699 4012; x_wconf 91' lang='lat' dir='ltr'>huc</span> <span class='ocrx_word' id='word_1_337' title='bbox 751 3971 873 4012; x_wconf 92' lang='lat' dir='ltr'>non</span> <span class='ocrx_word' id='word_1_338' title='bbox 930 3951 1222 4029; x_wconf 88' lang='lat' dir='ltr'>pertinere</span> <span class='ocrx_word' id='word_1_339' title='bbox 1277 3950 1543 4025; x_wconf 91' lang='lat' dir='ltr'>videtur,</span> <span class='ocrx_word' id='word_1_340' title='bbox 1601 3950 1721 4010; x_wconf 92' lang='lat' dir='ltr'>vid.</span> <span class='ocrx_word' id='word_1_341' title='bbox 1771 3948 1928 4030; x_wconf 86' lang='lat' dir='ltr'>infr.)</span> <span class='ocrx_word' id='word_1_342' title='bbox 1969 3950 2034 4010; x_wconf 90' lang='lat' dir='ltr'>P.</span> <span class='ocrx_word' id='word_1_343' title='bbox 2078 3949 2271 4007; x_wconf 92' lang='lat' dir='ltr'>XXX.</span> <span class='ocrx_word' id='word_1_344' title='bbox 2315 3968 2363 4007; x_wconf 91' lang='lat' dir='ltr'>c.</span> <span class='ocrx_word' id='word_1_345' title='bbox 2416 3968 2469 4024; x_wconf 91' lang='lat'>5.</span> <span class='ocrx_word' id='word_1_346' title='bbox 2512 3968 2565 4008; x_wconf 91' lang='lat' dir='ltr'>a.</span> 
     </span>
     <span class='ocr_line' id='line_1_35' title="bbox 332 4047 2567 4129; baseline -0.003 -17"><span class='ocrx_word' id='word_1_347' title='bbox 332 4089 337 4092; x_wconf 74' lang='lat'><em>,</em></span> <span class='ocrx_word' id='word_1_348' title='bbox 382 4054 494 4127; x_wconf 94' lang='lat'>167</span> <span class='ocrx_word' id='word_1_349' title='bbox 538 4053 693 4111; x_wconf 90' lang='lat' dir='ltr'>bella</span> <span class='ocrx_word' id='word_1_350' title='bbox 733 4072 770 4110; x_wconf 90' lang='lat' dir='ltr'>a</span> <span class='ocrx_word' id='word_1_351' title='bbox 810 4049 1061 4111; x_wconf 90' lang='lat' dir='ltr'>Rhodiis</span> <span class='ocrx_word' id='word_1_352' title='bbox 1103 4061 1269 4129; x_wconf 86' lang='lat' dir='ltr'>gesta</span> <span class='ocrx_word' id='word_1_353' title='bbox 1309 4070 1447 4110; x_wconf 90' lang='lat' dir='ltr'>cum</span> <span class='ocrx_word' id='word_1_354' title='bbox 1491 4050 1765 4128; x_wconf 88' lang='lat' dir='ltr'>gentibus</span> <span class='ocrx_word' id='word_1_355' title='bbox 1808 4048 1986 4107; x_wconf 90' lang='lat' dir='ltr'>Asiae</span> <span class='ocrx_word' id='word_1_356' title='bbox 2028 4067 2180 4124; x_wconf 91' lang='lat' dir='ltr'>quae</span> <span class='ocrx_word' id='word_1_357' title='bbox 2202 4047 2542 4106; x_wconf 87' lang='lat' dir='ltr'>defecerant</span> <span class='ocrx_word' id='word_1_358' title='bbox 2550 4071 2567 4123; x_wconf 80' lang='lat'>3</span> 
     </span>
     <span class='ocr_line' id='line_1_36' title="bbox 374 4149 2563 4226; baseline -0.003 -15"><span class='ocrx_word' id='word_1_359' title='bbox 374 4155 443 4212; x_wconf 91' lang='lat' dir='ltr'>P.</span> <span class='ocrx_word' id='word_1_360' title='bbox 504 4153 728 4211; x_wconf 82' lang='lat' dir='ltr'>XXXI.</span> <span class='ocrx_word' id='word_1_361' title='bbox 793 4171 846 4210; x_wconf 91' lang='lat' dir='ltr'>c.</span> <span class='ocrx_word' id='word_1_362' title='bbox 914 4154 1209 4225; x_wconf 80' lang='lat' dir='ltr'>16———17a‚</span> <span class='ocrx_word' id='word_1_363' title='bbox 1274 4169 1327 4209; x_wconf 89' lang='lat' dir='ltr'>a.</span> <span class='ocrx_word' id='word_1_364' title='bbox 1391 4153 1535 4226; x_wconf 81' lang='lat'>163,</span> <span class='ocrx_word' id='word_1_365' title='bbox 1592 4152 1656 4208; x_wconf 93' lang='lat' dir='ltr'>P.</span> <span class='ocrx_word' id='word_1_366' title='bbox 1715 4149 1997 4208; x_wconf 93' lang='lat' dir='ltr'>XXXIII.</span> <span class='ocrx_word' id='word_1_367' title='bbox 2056 4167 2090 4205; x_wconf 92' lang='lat' dir='ltr'>c</span> <span class='ocrx_word' id='word_1_368' title='bbox 2174 4167 2277 4221; x_wconf 93' lang='lat'>14,</span> <span class='ocrx_word' id='word_1_369' title='bbox 2335 4166 2385 4205; x_wconf 87' lang='lat' dir='ltr'>a.</span> <span class='ocrx_word' id='word_1_370' title='bbox 2452 4162 2563 4223; x_wconf 85' lang='lat'>153</span> 
     </span>
     <span class='ocr_line' id='line_1_37' title="bbox 374 4244 2566 4329; baseline -0.002 -19"><span class='ocrx_word' id='word_1_371' title='bbox 374 4251 736 4329; x_wconf 87' lang='lat' dir='ltr'>Astymedes</span> <span class='ocrx_word' id='word_1_372' title='bbox 787 4249 848 4309; x_wconf 90' lang='lat' dir='ltr'>in</span> <span class='ocrx_word' id='word_1_373' title='bbox 891 4251 1110 4310; x_wconf 87' lang='lat' dir='ltr'>Senatu</span> <span class='ocrx_word' id='word_1_374' title='bbox 1152 4250 1228 4309; x_wconf 90' lang='lat' dir='ltr'>de</span> <span class='ocrx_word' id='word_1_375' title='bbox 1268 4250 1422 4311; x_wconf 89' lang='lat' dir='ltr'>bello</span> <span class='ocrx_word' id='word_1_376' title='bbox 1467 4248 1706 4309; x_wconf 90' lang='lat' dir='ltr'>Cretico</span> <span class='ocrx_word' id='word_1_377' title='bbox 1747 4246 1886 4325; x_wconf 87' lang='lat' dir='ltr'>agit.</span> <span class='ocrx_word' id='word_1_378' title='bbox 1973 4247 2065 4305; x_wconf 88' lang='lat' dir='ltr'>De</span> <span class='ocrx_word' id='word_1_379' title='bbox 2105 4244 2400 4305; x_wconf 88' lang='lat' dir='ltr'>nonnullis</span> <span class='ocrx_word' id='word_1_380' title='bbox 2442 4245 2566 4306; x_wconf 88' lang='lat' dir='ltr'>aliis</span> 
     </span>
     <span class='ocr_line' id='line_1_38' title="bbox 372 4349 850 4411; baseline -0.004 -1"><span class='ocrx_word' id='word_1_381' title='bbox 372 4349 523 4411; x_wconf 90' lang='lat' dir='ltr'>locis</span> <span class='ocrx_word' id='word_1_382' title='bbox 562 4349 681 4409; x_wconf 90' lang='lat' dir='ltr'>vid.</span> <span class='ocrx_word' id='word_1_383' title='bbox 723 4349 850 4408; x_wconf 86' lang='lat' dir='ltr'>infr.</span> 
     </span>
    </p>
   </div>
  </div>
 </body>
</html>
