3375 5084
1438 366 1511 421 41

384 535 490 616 (—-—
555 555 610 596 e.
676 557 714 613 9
777 541 808 610 ἕ
876 535 991 615 10).
1082 535 1215 598 Hic
1277 546 1411 611 est,
1459 538 1553 599 ait
1597 536 1927 618 Polybius
1945 586 1959 611 ,
2008 538 2189 600 orbis
2234 559 2369 620 quo
2416 559 2563 600 ver-

385 659 617 712 santur
662 649 1013 714 civitatum
1057 653 1345 733 genera;
1392 652 1571 715 hunc
1617 653 1922 715 ordinem
1968 662 2208 716 natura
2244 653 2530 716 instituit
2546 703 2560 728 ‚

384 784 520 846 quo
601 766 825 828 varias
905 765 1156 829 formas
1238 777 1308 830 et
1380 767 1803 848 respublicas
1877 767 2200 831 formaret
2273 778 2567 831 mutaret

384 889 725 943 everteret
739 929 754 955 ,
810 881 915 944 his
958 883 1136 944 bene
1183 883 1475 965 cognitis
1521 884 1765 965 aliquis
1810 883 1972 965 quid
2018 884 2258 965 cuique
2305 883 2562 947 civitati

379 995 680 1059 futurum
747 998 835 1060 sit
901 999 1294 1080 praedicere
1362 1001 1613 1082 poterit
1631 1048 1646 1074 ,
1712 1009 1782 1062 et
1840 1000 2151 1063 conicere
2214 1001 2302 1062 ad
2363 1020 2566 1081 quem

381 1113 675 1195 gradum
751 1114 992 1177 civitas
1050 1115 1468 1197 pervenerit,
1531 1117 1679 1198 quis
1743 1116 1923 1179 hunc
1987 1117 2074 1178 sit
2132 1116 2567 1179 insecuturus.

383 1228 700 1308 Inprimis
746 1229 833 1291 de
878 1229 1198 1292 Romana
1242 1230 1595 1311 republica
1637 1231 1939 1314 iudicare
1984 1231 2383 1312 poterimuS,
2416 1252 2571 1294 cum
2656 1228 2660 1232 ’

382 1345 559 1425 haec
627 1354 907 1408 naturae
970 1356 1423 1428 congruenter
1480 1348 1567 1409 ab
1629 1348 1818 1411 initio
1881 1356 2029 1410 orta
2090 1357 2161 1410 et
2223 1356 2423 1410 aucta
2485 1348 2571 1410 sit

385 1461 466 1542 (e.
511 1481 574 1549 9.
620 1458 768 1540 fin).

478 1577 700 1640 Tanta
748 1575 1222 1640 difficultatum
1267 1578 1696 1641 multitudine
1742 1580 1916 1641 haec
1964 1579 2136 1641 ratio
2168 1579 2385 1659 premi
2412 1551 2577 1640 mihi

384 1692 656 1755 videtur
671 1741 686 1768 ‚
732 1702 807 1755 ut
855 1713 1089 1755 omnes
1135 1713 1532 1756 enumerare
1578 1695 1745 1756 nihil
1791 1695 2090 1757 attineat.
2177 1693 2314 1757 Cur
2359 1694 2537 1756 enim
2560 1743 2574 1768 ,

383 1808 443 1870 si
504 1808 692 1871 initio
755 1809 997 1891 aliquis
1061 1809 1369 1871 dominus
1429 1812 1624 1872 adest
1680 1810 1762 1872 iis
1808 1810 2064 1872 viribus
2108 1809 2457 1891 praeditus
2502 1818 2577 1872 ut

384 1924 716 2005 populum
792 1925 881 1986 ad
956 1925 1459 1987 oboedientiam
1536 1944 1788 2007 cogere
1868 1926 2083 2006 possit
2108 1974 2122 1999 ,
2200 1934 2573 1988 statuamus

385 2039 600 2103 talem
658 2040 878 2102 virum
937 2040 1005 2102 in
1065 2041 1340 2104 civitate
1399 2061 1538 2104 non
1597 2041 1748 2103 aliis
1811 2041 2231 2122 temporibus
2278 2041 2573 2103 existere

385 2174 594 2236 posse
611 2204 625 2230 ,
685 2155 901 2218 veluti
962 2156 1124 2218 dum
1183 2156 1513 2237 primores
1574 2157 1953 2237 imperent?
1999 2175 2155 2218 nam
2202 2155 2408 2217 etiam
2456 2174 2576 2217 eos

388 2273 501 2334 hic
547 2291 868 2353 superare
914 2272 1145 2353 possit.
1218 2272 1486 2334 Deinde
1502 2320 1516 2346 ,
1562 2292 1725 2334 num
1770 2271 2027 2333 inulla
2075 2271 2349 2333 civitate
2394 2271 2574 2332 hunc

391 2407 615 2449 rerum
676 2388 984 2450 ordinem
1044 2386 1250 2450 fuisse
1307 2387 1739 2469 accepimus?
1808 2386 1923 2449 Ad
1969 2386 2362 2449 Romanam
2406 2405 2576 2447 rem-

390 2503 735 2584 publicam
800 2523 1071 2585 semper
1129 2504 1433 2584 respexit
1493 2502 1854 2584 Polybius;
1923 2501 2102 2564 hunc
2148 2501 2415 2583 tyranni
2462 2500 2577 2562 do-

391 2619 717 2681 minatum
805 2629 965 2700 post
1052 2619 1238 2701 regis
1328 2618 1684 2699 imperium
1760 2617 2125 2681 collocavit
2141 2666 2155 2691 ,
2231 2615 2578 2696 Tarquinii

392 2735 668 2815 superbi
736 2754 998 2798 memor
1035 2730 1111 2816 ¹),
1182 2744 1253 2797 et
1314 2755 1467 2796 eam
1529 2733 1893 2815 τυραννίδα
1956 2732 2176 2813 qualis
2236 2732 2305 2793 in
2350 2731 2579 2792 multis

394 2850 781 2913 civitatibus
826 2851 1096 2933 graecis
1143 2850 1371 2913 extitit
1409 2850 1453 2930 2)
1471 2899 1486 2925 ,
1534 2870 1671 2932 qua
1713 2849 2006 2930 populus
2038 2849 2126 2910 ab
2153 2846 2576 2930 optimatium

393 2967 852 3029 dominatione
910 2987 1118 3049 saepe
1164 2967 1492 3030 liberatus
1539 2976 1643 3029 est
1659 3014 1674 3041 ‚
1721 2986 1856 3028 una
1899 2980 2074 3028 voce
2122 2973 2384 3027 tantum
2428 2982 2578 3043 per·
2671 3058 2674 3061 Ι

393 3082 667 3165 stringit
706 3080 765 3163 3).
968 3072 975 3075 ’

483 3198 617 3261 Hic
675 3199 1325 3281 rerumpublicarum
1386 3209 1611 3262 motus
1668 3198 1995 3261 naturalis
2010 3247 2024 3272 ‚
2085 3206 2156 3260 et
2199 3198 2396 3279 leges
2440 3215 2580 3258 mo-

392 3316 599 3378 vendi
667 3335 836 3396 quas
903 3315 1337 3398 indagavisse
1407 3316 1538 3379 sibi
1605 3316 1876 3379 videtur
1942 3314 2272 3395 Polybius
2290 3362 2304 3388 ,
2375 3313 2579 3393 plane

395 3431 868 3496 commenticia
912 3441 1083 3495 sunt.

484 3674 525 3754 ¹)
566 3673 778 3735 Cicero
819 3693 960 3733 cum
1001 3673 1179 3751 vulgo
1221 3671 1553 3732 Aristotelis
1594 3670 1888 3731 rationem
1930 3680 2209 3746 sequatur
2247 3668 2376 3750 (cfr.
2410 3671 2480 3727 R,
2516 3671 2583 3727 P.

389 3777 471 3834 II.
515 3794 569 3834 c.
615 3777 690 3833 26
734 3772 869 3849 „hic
905 3759 1000 3833 'est
1040 3770 1197 3832 enim
1242 3769 1520 3831 dominus
1561 3769 1767 3848 populi
1785 3815 1800 3844 ‚
1831 3788 2010 3845 quem
2032 3767 2248 3828 Graeci
2269 3778 2585 3845 tyrannum

392 3873 672 3953 vocant”)
691 3918 705 3946 ,
763 3891 882 3931 uno
937 3871 1073 3930 loco
1114 3869 1425 3947 Polybium
1467 3878 1704 3930 secutus
1745 3888 1777 3928 e
1819 3886 2004 3946 regno
2046 3865 2419 3944 tyrannidem
2460 3865 2587 3925 fieri

357 3964 568 4045 dicit,
611 3972 659 4030 Ι.
704 3990 756 4030 e.
802 3991 907 4044 423
951 3971 1054 4030 cfr.
1098 3970 1222 4029 Pol.
1267 3971 1371 4028 VI.
1419 3989 1453 4027 c
1518 3984 1548 4042 7
1593 3974 1622 4039 ξ
1667 3969 1723 4025 8.

475 4068 528 4147 ²)
571 4070 689 4129 Cfr.
734 4067 915 4128 Arist.
960 4070 1067 4129 Pol
1130 4071 1203 4127 V.
1249 4088 1298 4127 c.
1343 4088 1395 4145 9.

478 4167 527 4250 ³)
569 4169 677 4229 Pol
749 4188 801 4227 e.
862 4188 898 4246 9
959 4176 987 4240 §
1048 4188 1098 4226 1.
1185 4166 1367 4244 Apud
1422 4166 1731 4225 Platonem
1789 4173 2026 4243 τυραννίς
2065 4160 2251 4222 oritur
2292 4180 2366 4221 ex
2405 4159 2588 4219 nimia
2638 4187 2645 4193 ·

394 4268 633 4328 licentia
687 4276 748 4327 et
798 4265 1039 4327 libidine
1094 4265 1327 4343 populi,
1387 4267 1445 4323 R
1518 4266 1581 4323 P.
1640 4264 1806 4322 VIII.
1865 4282 1906 4339 p
1977 4265 2088 4337 562
2134 4280 2219 4337 sq.
2235 4283 2252 4335 3
2295 4259 2410 4320 alio
2451 4261 2586 4320 loco

394 4387 527 4428 eam
569 4387 601 4428 e
644 4386 828 4445 regno
870 4364 1011 4427 oriri
1051 4364 1228 4435 dicit,
1270 4363 1442 4424 Polit.
1485 4383 1545 4439 p.
1593 4382 1704 4440 291
1751 4363 1821 4420 E.
