3375 5084
1441 350 1557 411 1‘97

412 524 595 608 ψίας)
651 524 701 606 “).
792 524 1148 587 Acerrime
1206 534 1431 588 autem
1482 526 1551 587 in
1613 545 1732 588 eos
1791 527 2130 589 invehitur
2184 528 2300 608 qui
2345 528 2432 590 ad
2475 548 2583 591 res

409 649 644 723 gestas
715 641 1235 703 conscribendas
1303 641 1463 703 satis
1531 641 1892 704 instructos
1959 662 2034 704 se
2099 662 2249 705 esse
2308 653 2549 724 putent
2566 692 2582 717 ,

410 776 564 818 cum
625 756 693 817 in
756 757 927 818 urbe
985 777 1108 819 sua
1167 757 1798 819 commentariorum
1844 757 2109 838 copiam
2152 768 2423 839 praesto
2467 759 2583 821 ha-

407 873 617 935 beant
633 920 648 947 ,
715 873 831 934 vel
899 893 938 935 e
1007 873 1426 935 bibliotheca
1484 873 1707 936 vicina
1769 874 2162 955 conquirere
2223 874 2483 955 possint
2519 873 2581 957 ²).

411 986 553 1052 Sed
615 997 843 1051 tamen
906 989 1081 1051 hanc
1142 989 1470 1051 rationem
1531 1009 1755 1052 rerum
1817 991 2443 1071 cognoscendarum
2495 1011 2585 1053 ex

410 1104 696 1166 aliorum
771 1105 1269 1167 commentariis
1345 1105 1549 1169 etiam
1626 1125 1668 1167 a
1739 1105 2030 1187 Polybio
2098 1106 2381 1188 neglegi
2446 1127 2584 1169 non

406 1220 706 1302 potuisse
724 1269 738 1295 ,
816 1220 977 1301 quin
1054 1221 1258 1283 etiam
1328 1222 1389 1284 ei
1460 1221 1910 1284 necessariam
1980 1230 2049 1284 et
2116 1221 2583 1303 gravissimam

407 1335 612 1399 fuisse
671 1336 1104 1418 perspicuum
1168 1346 1287 1399 est.
1378 1336 1555 1399 Nam
1616 1357 1771 1400 cum
1830 1336 2114 1399 fontium
2178 1337 2582 1419 cognitionis

408 1452 538 1515 tria
581 1472 839 1533 genera
882 1451 1088 1515 fuisse
1136 1453 1444 1516 statuerit
1459 1501 1473 1527 ‚
1521 1455 1806 1534 quorum
1851 1452 2141 1534 primum
2174 1461 2580 1516 commenta-

407 1567 521 1631 riis
538 1617 553 1643 ‚
610 1568 903 1631 historiis
919 1617 933 1644 ,
991 1568 1288 1632 fontibus
1334 1570 1624 1650 denique
1670 1569 1935 1651 scriptis
1984 1568 2434 1645 contineatur,
2481 1590 2582 1632 se·

407 1685 702 1747 cundum
747 1686 896 1748 aliis
941 1686 1390 1749 monumentis
1433 1686 1772 1749 historicis
1787 1734 1804 1761 ,
1847 1694 1923 1748 ut
1968 1685 2136 1749 actis
2154 1733 2168 1759 ,
2209 1684 2582 1767 inscriptio-

406 1799 602 1862 nibus
671 1799 820 1862 aliis
890 1799 1250 1876 eiusmodi,
1310 1801 1582 1863 tertium
1641 1801 1852 1883 ipsius
1912 1801 2253 1882 scriptoris
2313 1802 2462 1864 visu
2506 1811 2576 1864 et

409 1916 979 1997 contemplatione
994 1965 1008 1991 ‚
1055 1917 1145 1979 ad
1189 1917 1320 1980 hoc
1360 1937 1579 1999 genus
1612 1917 1936 2000 exiguam
1967 1926 2228 1980 tantum
2258 1917 2582 1980 librorum

402 2041 667 2113 partem
685 2080 699 2107 ,
745 2031 1178 2095 novissimam
1225 2032 1499 2114 quidem
1516 2080 1531 2107 ‚
1575 2053 1799 2114 neque
1846 2053 1997 2096 eam
2042 2041 2256 2096 totam
2272 2081 2286 2108 ,
2327 2032 2577 2095 referre

400 2147 674 2229 poteris,
766 2138 1089 2230 Reliqua
1128 2149 1262 2211 duo
1322 2148 1418 2211 ita
1483 2149 1840 2212 coniuncta
1899 2158 2053 2211 sunt
2106 2159 2182 2212 ut
2226 2150 2581 2212 continuae
2641 2220 2648 2224 ,

400 2264 821 2327 narrationes
880 2285 1106 2328 rerum
1164 2274 1511 2348 gestarum
1563 2264 1708 2328 fere
1754 2267 1843 2328 ad
1886 2265 2072 2347 prius
2118 2286 2334 2348 genus
2379 2266 2581 2347 perti-

398 2389 611 2443 neant
627 2428 641 2457 ,
704 2381 1008 2464 singulas
1068 2402 1176 2445 res
1191 2431 1205 2458 ,
1268 2384 1390 2445 sed
1460 2402 1638 2464 quae
1683 2402 1890 2464 saepe
1935 2383 2214 2446 maximi
2259 2384 2582 2446 momenti

400 2495 537 2558 sint
552 2543 566 2572 ,
615 2515 706 2558 ex
751 2497 968 2560 altero
1014 2497 1299 2561 insertas
1345 2518 1495 2561 esse
1542 2508 1870 2579 appareat
1909 2498 1968 2580 ³).

485 2674 532 2758 ¹)
572 2680 637 2738 P.
682 2681 816 2738 XII.
862 2699 915 2739 c.
963 2698 1035 2756 27
1080 2681 1185 2741 cfr.
1229 2681 1391 2741 XXI.
1438 2701 1489 2740 e.
1538 2698 1607 2758 15
1652 2688 1680 2753 5
1723 2682 1778 2741 8.

478 2775 530 2857 2)
569 2778 635 2836 P.
679 2780 814 2838 XII.
858 2798 910 2839 c.
968 2795 1039 2853 27
1082 2787 1110 2852 5
1153 2800 1223 2854 4,
1268 2780 1373 2840 cfr.
1418 2799 1470 2839 e.
1517 2780 1625 2858 25d
1666 2799 1755 2857 sq.
1798 2789 1857 2841 et
1900 2800 1952 2840 e.
2000 2782 2162 2858 2515
2208 2802 2260 2840 1.

482 2873 529 2956 3)
571 2876 849 2954 Polybius
891 2887 1210 2956 postquam
1250 2889 1426 2938 antea
1465 2877 1750 2940 librorum
1793 2889 2208 2958 argumentum
2251 2899 2313 2939 se
2341 2877 2581 2958 elegisse

391 2972 544 3033 dixit
604 2994 791 3036 annos
858 2979 1206 3054 219—167,
1265 2980 1353 3037 IV
1357 3024 1370 3038 .
1432 2999 1462 3037 2
1522 2986 1550 3050 5
1607 2998 1638 3037 2
1692 2977 1861 3039 addit
1908 2998 2001 3038 res
2043 2976 2371 3056 superiores
2411 2977 2464 3038 ei
2507 2997 2581 3037 ex

390 3072 642 3134 aliorum
701 3073 930 3152 scriptis
986 3077 1338 3153 repetendas
1379 3076 1553 3137 fuisse
1594 3076 1686 3158 (ὡς
1723 3084 1885 3143 ἀκοὴν
1923 3084 1977 3150 ἐξ
2014 3085 2172 3146 ἀκοῆς
2205 3075 2469 3159 γράφειν);
2509 3096 2581 3137 eo

388 3171 689 3250 pertinent
727 3173 861 3234 libri
902 3177 1123 3234 1—111.
1206 3174 1497 3236 Maiorem
1538 3185 1772 3253 partem
1812 3174 2188 3235 historiarum
2228 3173 2313 3234 ita
2352 3174 2580 3251 dividit,

389 3280 461 3330 ut
502 3272 748 3333 alteram
791 3282 1023 3350 partem
1064 3275 1143 3334 ab
1181 3273 1251 3334 iis
1292 3273 1584 3334 audiverit
1626 3273 1729 3351 qui
1757 3275 1932 3334 rebus
1959 3272 2311 3349 adfuissent,
2334 3275 2579 3335 alteram

390 3369 520 3447 ipse
561 3370 772 3432 viderit
814 3370 968 3453 (ὥστε
1004 3377 1122 3441 τοὺς
1156 3378 1246 3454 μὲν
1285 3374 1549 3454 καθ’ἡμᾶς
1585 3374 1745 3447 εἶναι,
1786 3378 1903 3441 τοὺς
1943 3378 2002 3435 δὲ
2038 3377 2171 3434 κατὰ
2208 3378 2325 3443 τοὺς
2359 3383 2583 3453 πατέρας

389 3478 559 3551 ἡμῶν·
603 3477 659 3542 ἐξ
691 3473 754 3532 οὗ
788 3477 1063 3552 συμβαίνει
1098 3484 1206 3540 τοῖς
1239 3477 1329 3552 μὲν
1368 3477 1554 3540 αὐτοὺς
1589 3480 1726 3552 ἡμᾶς
1760 3479 2200 3552 παραγεγονέναι,
2240 3476 2307 3532 τὰ
2345 3477 2403 3533 δὲ
2437 3478 2580 3553 παρὰ

381 3582 486 3631 τῶν
525 3574 809 3650 ἑορακότων
849 3569 1166 3651 ἀκηκοέναι).
1230 3570 1346 3629 Sed
1388 3571 1613 3630 clarum
1656 3579 1745 3630 est
1784 3590 1920 3630 eum
1951 3569 2128 3630 etiam
2155 3589 2358 3630 earum
2380 3590 2579 3630 rerum

390 3666 607 3745 quibus
668 3666 929 3745 aequalis
989 3667 1192 3744 fuerit,
1255 3690 1378 3730 non
1441 3669 1715 3730 omnibus
1769 3665 1963 3748 ipsum
2019 3670 2225 3730 adesse
2286 3669 2546 3747 potuisse
2562 3716 2577 3746 ‚

390 3766 573 3827 etiam
634 3767 739 3826 has
801 3785 1019 3846 magna
1081 3788 1114 3827 e
1175 3779 1345 3846 parte
1405 3789 1439 3829 e
1501 3768 1731 3847 scriptis
1793 3768 2041 3829 aliorum
2098 3778 2298 3846 petere
2353 3769 2576 3831 debuit.

390 3865 627 3927 Deinde
670 3866 747 3928 de
786 3865 1105 3927 novissima
1144 3878 1313 3945 parte
1351 3868 1636 3930 librorum
1672 3868 2138 3951 (XXXV—XL)
2168 3866 2310 3927 dicit
2331 3870 2438 3927 III.
2462 3889 2515 3928 c.
2540 3890 2578 3943 4

391 3974 420 4038 ξ
482 3986 551 4042 13
611 3965 769 4047 (loco
825 3976 962 4044 post
1012 3966 1255 4049 inserto)
1304 3981 1404 4030 τῶν
1443 3975 1695 4031 πλείστων
1732 3976 1802 4049 μὴ
1842 3975 1996 4049 μόνον
2033 3974 2318 4040 αὐτόπτης,
2360 3969 2473 4029 ἀλλ’
2510 3972 2578 4030 ὧν

392 4072 482 4146 μὲν
541 4071 809 4148 συνεργὸς,
869 4069 935 4128 ὧν
993 4072 1052 4128 δὲ
1106 4073 1192 4128 καὶ
1247 4074 1510 4148 χειριστὴς
1561 4076 1849 4148 γεγονέναι.
1956 4069 2127 4126 Haec
2189 4049 2396 4127 Nissen
2458 4066 2578 4147 (die

397 4166 631 4226 Oekon.
685 4187 743 4244 p.
791 4165 933 4246 277)
970 4165 1055 4225 ita
1094 4165 1412 4244 disposuit:
1458 4175 1719 4236 αὐτόπτης
1753 4166 1851 4227 lib.
1894 4168 2141 4226 XXXV.
2187 4187 2293 4244 sq.,
2337 4174 2577 4249 συνεργός

391 4265 522 4325 libr.
578 4267 884 4325 XXXVII.
944 4285 1064 4342 sq.,
1121 4276 1388 4348 χειριστής
1439 4266 1568 4326 libr.
1626 4267 1888 4325 XXXIX
1941 4266 2049 4325 fuit
2090 4264 2242 4345 (libr.
2285 4267 2395 4324 XL
2434 4286 2574 4327 con-

393 4364 568 4423 tinuit
609 4375 993 4442 conspectum
1037 4364 1300 4424 materiei
1340 4375 1399 4424 et
1439 4363 1790 4446 nominum).
