3375 5084
735 504 982 565 historia
1043 502 1289 564 senserit
1348 512 1560 563 auctor
1620 513 1822 563 noster
1841 550 1856 578 ‚
1921 503 2178 564 maxime
2241 497 2588 564 declarant*
2611 524 2764 583 quae
2828 505 2945 566 sint

649 706 655 719 α
738 629 920 690 totius
974 628 1170 706 operis
1225 616 1498 707 propria,'
1555 647 1676 705 qua
1718 637 1918 687 mente
1960 638 2154 689 totum
2195 628 2602 706 conscriptum
2647 629 2721 689 sit
2734 651 2752 705 3
2797 649 2944 706 quas

739 775 832 816 res
885 766 1087 816 autem
1142 774 1282 814 cum
1334 773 1458 814 non
1505 773 1611 831 per
1652 773 1716 814 se
1758 773 2055 831 exponere
2071 800 2086 829 ,
2132 755 2238 814 sed
2280 774 2486 815 earum
2527 754 2707 816 etiam
2748 756 2941 816 fontes
2971 753 2974 756 ’

737 881 1050 941 ostendere
1105 879 1315 939 vellem
1332 925 1348 954 ,
1392 897 1513 938 uno
1555 876 1752 955 capite
1793 880 2103 956 amplexus
2145 898 2277 938 sum
2319 877 2417 939 cui
2457 878 2810 957 inscriptum
2853 889 2941 939 est

737 1006 934 1069 studia
977 1014 1291 1084 poetarum
1308 1051 1323 1080 ‚
1366 1003 1646 1065 historiae
1662 1050 1677 1079 ,
1708 984 2134 1082 philosophiae.
2191 1005 2468 1065 Secundo
2497 1000 2714 1065 deinde
2745 1004 2941 1083 capite

736 1130 1129 1210 singularibus
1188 1129 1479 1190 librorum
1535 1127 1805 1207 partibus
1860 1131 2004 1190 dato
2019 1176 2034 1205 ‚
2092 1148 2248 1207 quae
2302 1129 2608 1208 aliquanto
2663 1129 2946 1208 prolixius

738 1256 1087 1317 tractandae
1136 1255 1490 1316 videbantur
1504 1278 1523 1330 ·,
1571 1253 1749 1316 tertio
1792 1254 1988 1332 capite
2028 1255 2109 1314 ad
2149 1253 2310 1333 ipsos
2349 1254 2706 1316 narrationis
2747 1257 2939 1317 fontes

737 1400 1080 1461 aggressuS‚
1122 1380 1276 1441 in‘ter
1317 1400 1420 1441 eos
1463 1400 1603 1440 cum
1645 1380 1903 1458 reliquos
1944 1380 2137 1441 fontes
2179 1379 2432 1458 scriptos
2474 1381 2774 1456 recensui,
2820 1392 2948 1440 tum

737 1505 921 1584 ipsius
962 1505 1223 1567 auctoris
1264 1505 1449 1568 vitam
1466 1553 1481 1581 ‚
1524 1505 1814 1566 amicitias
1829 1553 1844 1582 ‚
1873 1504 2085 1567 itinera
2102 1553 2117 1581 ‚
2148 1526 2302 1584 quae
2335 1504 2493 1567 enim
2522 1507 2747 1566 nullam
2769 1505 2946 1566 aliam

739 1633 819 1693 ob
861 1652 1105 1692 causam
1148 1631 1422 1692 omittere
1462 1651 1585 1692 non
1627 1631 1959 1710 potuerim,
2003 1651 2186 1710 quam
2214 1633 2387 1709 quod⁴
2408 1631 2654 1711 insignis
2677 1652 2747 1692 ea
2770 1632 2951 1693 etiam

742 1756 993 1836 Polybio
1049 1777 1249 1817 rerum
1301 1767 1601 1836 gestarum
1644 1756 1999 1836 cognitionis
2041 1757 2259 1818 fuerint
2299 1757 2457 1824 fons,
2534 1757 2649 1818 His
2689 1756 2948 1835 denique

741 1878 1026 1942 absolutis
1054 1892 1210 1942 *tum
1266 1882 1509 1942 demum
1565 1901 1865 1960 exponere
1908 1881 2126 1942 licebat
2166 1901 2287 1959 qua
2326 1882 2445 1942 fide
2487 1901 2562 1941 ac
2601 1881 2831 1942 ratione
2873 1882 2949 1941 de

741 2009 915 2068 rebus
958 2007 1210 2067 narratis
1251 2006 1601 2067 iudicaverit
1642 2007 1956 2084 Polybius3
2000 2007 2288 2067 iudicium
2330 2027 2473 2067 vero
2517 2008 2681 2085 quod
2710 2006 2951 2067 ferimus

742 2151 882 2193 cum
938 2152 1061 2193 non
1116 2131 1308 2211 magis
1363 2133 1623 2211 pendeat
1665 2151 1703 2192 a
1744 2134 1920 2193 rebus
1960 2132 2295 2193 iudicandis
2337 2153 2520 2211 quam
2561 2135 2639 2194 ab
2680 2132 2948 2210 ipsorum

741 2268 958 2318 natura
1010 2268 1217 2318 nostra
1273 2267 1455 2335 atque
1494 2257 1696 2319 indole
1712 2304 1728 2333 ,
1773 2258 1850 2318 de
1890 2256 2130 2336 ingenio
2172 2257 2404 2336 Polybii
2447 2268 2507 2318 et
2546 2257 2950 2319 voluntatibus

743 2384 859 2444 hoc
901 2392 1118 2461 quarto
1160 2383 1405 2442 demum
1448 2382 1644 2460 capite
1686 2381 1985 2443 scribendi
2027 2381 2205 2460 copia
2247 2393 2392 2443 erat.
2431 2418 2512 2427 —-
2546 2383 2750 2458 Quam
2780 2384 2953 2444 ratio-

742 2527 881 2568 nem
943 2508 1053 2569 etsi
1109 2527 1323 2586 parum
1378 2509 1628 2568 fortasse
1678 2507 2004 2568 lectoribus
2048 2507 2402 2568 concinnam
2443 2507 2635 2568 visum
2675 2507 2748 2567 iri
2787 2508 2953 2568 intel-

741 2635 875 2713 lego
893 2681 909 2710 ,
972 2644 1173 2694 tamen
1236 2644 1296 2694 et
1340 2635 1629 2695 consulto
1692 2633 1902 2693 initam
1963 2654 2091 2695 esse
2155 2635 2444 2695 confiteor
2461 2681 2476 2709 ‚
2533 2654 2728 2712 neque
2783 2633 2953 2695 facile

743 2770 975 2820 mutare
1017 2759 1186 2838 potui
1206 2806 1220 2833 ‚
1264 2759 1374 2819 nisi
1415 2760 1618 2821 omnia
1659 2770 1983 2821 retractare
2026 2770 2207 2838 atque
2249 2758 2578 2821 instaurare
2616 2760 2846 2829 vellem.

825 2886 897 2946 In
936 2885 1100 2947 libris
1142 2886 1540 2947 recentiorum
1584 2886 2005 2963 comparandis
2049 2896 2107 2947 et
2148 2886 2463 2959 laudandis
2490 2886 2750 2964 aliquam
2784 2885 2956 2964 posui

744 3010 1145 3090 diligentiam3
1212 2998 1412 3091 tamen
1465 3030 1589 3071 non
1645 3030 1873 3088 paucos
1931 3030 2027 3071 me
2081 3011 2298 3090 fugisse
2353 3030 2530 3090 aegre
2571 3012 2697 3072 fero
2711 3035 2728 3087 3
2773 3031 2845 3071 ex
2886 3010 2955 3071 iis

746 3155 898 3213 quos
961 3136 1270 3196 consulere
1330 3154 1452 3195 non
1516 3135 1686 3214 potui
1744 3155 1883 3195 cum
1938 3146 2076 3213 post
2132 3156 2284 3214 opus
2325 3137 2572 3197 demum
2613 3138 2954 3198 absolutum

744 3261 825 3320 ad
867 3279 964 3320 me
1007 3259 1416 3338 pervenerint,
1459 3259 1640 3321 etiarn
1681 3261 1743 3320 h.
1786 3261 1824 3320 1.
1867 3262 2048 3322 laudo
2090 3262 2166 3321 de
2206 3262 2445 3323 foedere
2480 3261 2954 3341 Carthaginiensi

745 3388 831 3445 M.
875 3387 1132 3461 Zoeller,
1177 3386 1417 3446 Latium
1460 3387 1585 3446 und
1626 3389 1822 3462 Rom3
1867 3387 1943 3447 de
1985 3387 2246 3449 fontibus
2287 3387 2438 3448 Livii
2480 3390 2549 3448 C.
2593 3392 2799 3464 Peter,
2851 3408 2955 3447 zur

745 3510 945 3571 Kritik
1006 3513 1114 3572 der
1178 3512 1428 3586 Queuen
1492 3514 1600 3573 der
1657 3514 1881 3574 auteren
1937 3517 2118 3574 Rom.
2177 3490 2417 3575 Geschs
2455 3551 2536 3558 —
2590 3514 2806 3574 Simius
2845 3513 2956 3574 fuit

748 3655 932 3696 causa
994 3657 1101 3696 cur
1157 3657 1265 3715 per
1322 3647 1517 3698 totum
1572 3639 1791 3700 librum
1845 3640 2012 3701 locos
2053 3639 2411 3718 Polybianos
2451 3638 2819 3699 laudaverim
2869 3658 2955 3698 se-

749 3762 1015 3822 cundum
1056 3762 1379 3824 editionem
1422 3763 1878 3826 Dindorfianam
1895 3812 1911 3841 ,
1954 3784 2132 3842 saepe
2173 3775 2373 3825 tamen
2402 3764 2670 3825 adhibita
2692 3762 2954 3824 editione

749 3887 1059 3946 Hultzsch.
