3375 5084
1378 339 1493 410 163

346 526 564 588 tineae
634 527 729 589 ita
799 528 1225 608 exposuisse,
1288 537 1363 590 ut
1425 528 1684 589 animos
1747 528 2076 590 lectorum
2139 529 2226 589 ad
2272 526 2523 589 miseri-

344 642 640 704 cordiam
726 652 1033 705 moveret
1110 653 1180 706 et
1247 642 1447 712 Arati
1515 643 1986 725 Antigonique
2054 643 2552 706 crudelitatem-

347 760 750 821 ostenderet.
844 756 986 822 Sed
1047 779 1137 821 ex
1195 758 1277 821 iis
1339 779 1517 839 quae
1581 781 1622 822 a
1683 759 2074 840 Phylarcho
2119 759 2526 823 Plutarchus

347 876 643 938 servavit
661 924 675 950 ,
745 885 1032 956 apparet
1101 876 1307 938 etiam
1376 876 1544 938 alias
1614 878 1941 956 quasdam
2000 896 2110 939 res
2170 877 2526 939 tradidisse

343 991 802 1073 Phylarchum
819 1040 834 1064 ,
899 992 1141 1073 quibus
1204 1002 1321 1055 aut
1383 993 1789 1056 contrarium
1848 993 2115 1074 scripsit
2166 993 2497 1074 Polybius
2514 1035 2547 1067 ‚-

346 1117 464 1170 aut
522 1128 690 1188 quas
752 1108 1020 1170 silentio
1080 1109 1549 1189 praetermisit.
1616 1147 1699 1153 —
1757 1109 1868 1171 Ac
1921 1109 2211 1191 primum
2256 1109 2528 1190 quidem

345 1223 675 1304 Polybius
721 1224 907 1286 cives
944 1223 1335 1286 Mantineae
1367 1224 1772 1315 gravissima
1801 1245 2026 1305 poena
2049 1224 2295 1306 dignos
2320 1223 2527 1286 fuisse

346 1338 723 1412 contendit;
787 1339 1021 1419 paullo
1086 1349 1245 1402 ante
1292 1341 1470 1402 enim
1488 1387 1501 1414 ,
1550 1360 1706 1403 cum
1752 1341 1839 1402 ab
1886 1339 2106 1403 Arato
2159 1342 2247 1403 ad
2291 1338 2530 1402 foedus

346 1451 729 1516 Achaicum
789 1455 1063 1517 adducti
1123 1465 1349 1518 essent
1366 1504 1379 1530 ,
1423 1456 1836 1537 praesidium
1882 1458 1969 1518 ab
2017 1456 2316 1519 Achaeis
2353 1434 2530 1537 'peti-

344 1579 614 1644 verant,
669 1579 738 1632 et
783 1579 1125 1633 trecentos
1175 1571 1361 1662 cives
1407 1570 1847 1634 Achaeorum
1893 1593 2047 1635 cum
2094 1572 2532 1635 conducticiis

346 1686 672 1749 militibus
733 1687 1039 1751 ducentis
1098 1688 1274 1751 intra
1337 1689 1604 1751 moenia
1650 1699 2088 1770 acceperant,
2135 1710 2300 1751 mox
2345 1689 2532 1751 bello

346 1803 665 1865 intestino
714 1813 863 1866 orto
894 1803 1475 1867 Lacedaemonios
1505 1805 1992 1868 invocaverant
2023 1815 2093 1868 et
2120 1826 2273 1868 cum
2300 1826 2534 1868 eorum

347 1919 605 1980 auxilio
666 1919 1077 2000 praesidium
1139 1920 1579 1983 Achaeorum
1624 1921 2144 1984 trucidaverant.
2193 1958 2275 1965 —-
2325 1920 2536 2002 Apud

345 2035 791 2098 Plutarchum
861 2046 1097 2100 contra
1163 2037 1457 2120 legimus
1518 2038 1933 2118 praesidium
1993 2037 2431 2100 Achaeorum
2494 2057 2536 2098 a

347 2150 610 2213 civibus
671 2160 741 2214 et
804 2149 1155 2234 Spartanis
1217 2174 1308 2215 ex
1368 2154 1536 2216 urbe
1589 2154 1861 2235 pulsum
1909 2173 2057 2215 esse
2100 2149 2159 2234 ¹).
2250 2151 2358 2214 Ex
2404 2147 2537 2214 illis

346 2266 622 2348 Polybii
690 2268 917 2331 verbis
994 2274 1494 2345 „Gramrianae
1557 2273 1716 2351 πρὸς
1787 2268 1983 2351 σφᾶς”
2043 2269 2285 2349 cuique
2345 2278 2538 2349 patet

231 2390 237 2396 ’
348 2384 515 2465 quid
573 2403 814 2446 revera
873 2384 1130 2448 factum
1191 2386 1294 2448 sit.
1401 2386 1659 2449 Aratus
1722 2387 1960 2449 urbem
2019 2386 2231 2448 invita
2286 2404 2540 2467 magna

348 2500 603 2564 civium
647 2510 842 2582 parte
889 2500 1150 2565 foederi
1194 2501 1504 2566 Achaico
1549 2503 1987 2577 adiunxerat3
2018 2502 2219 2583 pauci
2243 2502 2358 2582 qui
2385 2522 2537 2564 cum

349 2637 435 2679 eo
500 2616 873 2692 faciebant,
937 2618 1277 2699 praesidio
1341 2619 1512 2681 alios
1572 2619 1972 2682 cohiberent
2032 2638 2312 2681 necesse
2362 2627 2537 2691 erat;

348 2734 477 2795 sed
523 2752 688 2794 mox
732 2734 946 2796 maior
989 2753 1147 2814 pars
1193 2733 1592 2797 seditionem
1641 2734 1996 2809 excitavit,
2044 2734 2248 2815 qu'am
2272 2732 2540 2795 Achaei

347 2848 599 2910 frustra
668 2849 871 2911 armis
934 2849 1352 2931 supprimere
1416 2850 1639 2912 conati
1656 2899 1669 2925 ,
1737 2852 1826 2912 ab
1882 2849 2283 2912 adservariis
2339 2849 2538 2911 inter—

351 2963 519 3027 fecti
565 2974 738 3027 sunt.
807 2964 1138 3046 Polybius
1183 2966 1402 3028 minus
1447 2975 1632 3029 recte
1680 2985 1949 3047 semper
1994 2967 2078 3027 de
2126 2964 2388 3027 civibus
2443 2966 2542 3038 ,,οἱ

354 3081 768 3154 Mammas-’⁹
815 3081 1137 3163 loquitur,
1185 3083 1374 3163 quasi
1422 3082 1626 3145 iidem
1670 3081 1954 3144 fuissent
1995 3081 2109 3163 qui
2131 3081 2542 3162 praesidium

353 3199 445 3260 ab
494 3196 795 3260 Achaeis
838 3198 1270 3280 petivissent,
1318 3199 1522 3261 iidem
1569 3199 1684 3280 qui
1731 3197 2238 3261 interfecissent.
2300 3197 2540 3278 Neque

354 3313 836 3377 animadvertit
892 3315 972 3377 iis
1019 3315 1134 3396 qui
1181 3315 1369 3378 illam
1423 3314 1906 3391 „libertatem’',
1955 3316 2043 3377 ab
2091 3314 2310 3377 Arato
2357 3314 2426 3376 vi
2474 3323 2541 3376 et

353 3429 562 3492 armis
640 3430 1027 3512 impositam
1102 3441 1172 3494 et
1245 3432 1584 3513 praesidio
1662 3430 2011 3494 defensam
2029 3480 2042 3506 ,
2120 3439 2509 3493 recusarent
2526 3478 2539 3504 ,

355 3545 528 3608 nihil
597 3545 780 3608 aliud
847 3547 1173 3610 restitisse
1242 3567 1445 3628 quam
1508 3558 1584 3611 ut
1646 3548 2003 3610 occasione
2067 3549 2227 3610 data
2290 3547 2543 3609 eisdem

356 3661 564 3724 armis
633 3662 1100 3737 „liberatores”
1158 3663 1524 3745 pellerent,
1585 3665 1699 3727 vel
1746 3665 1804 3727 si
1849 3665 2035 3727 abire
2080 3663 2341 3727 nollent
2387 3683 2542 3725 con-

353 3778 655 3841 ficerent.
722 3816 804 3823 —-
868 3779 1136 3842 Deinde
1199 3779 1531 3862 Polybius
1577 3781 1681 3862 (ΙΙ.
1734 3786 1813 3858 58
1863 3786 1894 3857 ἓ
1952 3803 1972 3841 1
1991 3780 2048 3862 2)
2095 3779 2318 3842 omisit
2363 3777 2546 3858 quod

359 3894 572 3957 tradit
615 3893 1020 3959 Plutarchus
1067 3866 1205 3978 (As'.
1254 3916 1309 3959 e.
1361 3896 1464 3978 45)
1509 3897 1963 3959 nobilissimos
2010 3896 2194 3958 cives
2238 3895 2405 3956 urbe
2453 3894 2541 3955 ab

359 4009 663 4073 Achaeis
730 4010 1133 4092 recuperata
1199 4012 1571 4075 trucidatos
1633 4032 1800 4074 esse.
1894 4009 2075 4092 Quid
2135 4028 2372 4071 verum
2426 4009 2542 4081 sit,

360 4125 713 4188 diiudicari
795 4126 1057 4207 nequit;
1136 4126 1259 4189 sed
1327 4135 1511 4189 certe
1579 4125 1910 4208 Polybius
1976 4125 2045 4188 in
2113 4115 2543 4187 recensendis

456 4375 496 4457 ¹)
538 4377 763 4436 Cleom.
814 4396 887 4449 14
928 4381 1324 4456 συνεκβαλόντες
1357 4383 1451 4442 τὴν
1488 4380 1707 4456 φρουρὰν
1746 4388 1843 4435 τῶν
1880 4375 2132 4456 Ἀχαιῶν.
