3375 5084
1472 371 1537 409 11

413 538 618 601 fuisse
676 540 879 602 credo
943 542 1353 623 cognitionis
1414 542 1650 624 legum
1712 543 2034 626 Lycurgi.
2126 542 2245 606 Ad
2303 566 2457 607 eum
2504 567 2605 608 re-

415 653 694 716 ferenda
757 675 907 717 esse
964 655 1279 719 videntur
1324 677 1499 738 quae
1545 657 1620 720 P.
1668 658 1876 721 tradit
1921 659 2023 720 VI
2070 681 2125 722 c.
2177 682 2211 738 3
2263 666 2293 736 ἕ
2343 666 2380 723 8
2433 671 2501 724 et
2548 683 2612 725 e.-

426 792 447 831 1
462 791 504 832 o
572 776 602 846 ξ
675 775 713 832 6
733 820 747 846 ‚
816 770 1212 856 Lycurgum
1271 774 1761 855 rempublicam
1820 775 1915 837 ita
1979 777 2470 857 temperavisse
2534 788 2611 841 ut

417 886 700 968 singulis
767 887 1074 968 partibus
1141 909 1263 951 sua
1322 890 1629 970 potentia
1692 899 1889 954 esset.
1982 891 2092 954 De
2155 892 2428 973 ephoris
2473 913 2610 955 non

420 1003 569 1085 agit
635 1004 965 1085 Polybius
1030 1025 1251 1086 neque
1313 1005 1408 1069 ait
1469 1005 1863 1089 Lycurgum
1908 1008 2087 1071 hunc
2133 1009 2609 1090 magistratum

416 1119 812 1194 instituisse;
860 1120 1007 1203 agit
1053 1121 1138 1182 de
1184 1130 1493 1202 tempore
1539 1131 1698 1184 ante
1744 1122 1814 1184 id
1860 1142 1994 1203 quo
2043 1124 2281 1204 ephori
2320 1123 2611 1205 primum

421 1237 840 1298 creabantur.
908 1236 1171 1299 Eodem
1216 1238 1420 1299 modo
1466 1237 1875 1301 Plutarchus
1916 1237 1949 1320 ¹)
1981 1239 2185 1302 tradit
2214 1239 2608 1322 Lycurgum

417 1370 627 1431 remp.
700 1351 983 1414 mixtam
1049 1352 1415 1415 instituisse
1485 1354 1673 1434 (οὕτω
1744 1356 1814 1414 τὸ
1879 1351 2240 1436 πολίτευμα
2307 1366 2416 1422 τοῦ
2466 1360 2611 1417 Λν-

420 1471 698 1550 κοῦργου
764 1468 1130 1551 μίξαντος),
1200 1469 1444 1532 deinde
1511 1471 1922 1533 recentiores
1983 1491 2187 1554 reges
2249 1471 2418 1555 (τούς
2463 1470 2603 1553 μετ’

418 1584 639 1666 αὐτόν)
702 1585 994 1665 ephoros
1050 1586 1405 1649 addidisse.
1480 1585 1889 1649 Plutarchus
1934 1588 2173 1651 unicus
2218 1588 2417 1650 huius
2463 1608 2610 1650 sen-

419 1701 672 1763 tentiae
733 1710 972 1764 auctor
1031 1711 1136 1765 est
1150 1725 1164 1777 ;
1230 1704 1412 1784 apud
1473 1703 1833 1766 Platonem
1874 1704 1917 1785 ²)
1965 1714 2035 1767 et
2082 1703 2530 1767 Aristotelem
2570 1703 2614 1785 8>

423 1836 506 1878 ea
573 1817 990 1898 reipublicae
1058 1818 1436 1881 moderatio
1507 1839 1661 1881 cum
1724 1820 2133 1900 ephororum
2194 1819 2612 1882 institutione

424 1934 696 1995 demum
763 1934 1013 2016 incipit.
1112 1935 1482 1998 Plutarcho
1554 1936 1736 1998 idem
1806 1936 1921 2017 qui
1989 1936 2204 2019 vulgo
2273 1936 2343 1998 in
2409 1937 2611 1999 rebus

422 2048 1116 2113 Lacedaemoniorum
1162 2050 1549 2128 Aristoteli,
1586 2063 1825 2116 auctor
1853 2052 2059 2115 fuisse
2090 2052 2360 2115 videtur
2381 2052 2609 2133 Epho-

421 2185 535 2227 rus
603 2166 749 2247 (nisi
815 2167 998 2248 quod
1056 2166 1342 2231 fortasse
1404 2168 1812 2232 Plutarchus
1879 2189 1989 2231 res
2037 2168 2295 2249 Ephori
2342 2188 2432 2230 ex
2477 2166 2611 2229 alio

425 2289 702 2344 auctore
726 2339 730 2343 ⁴
750 2282 1174 2364 exprompsit
1208 2282 1267 2364 ⁴).
1360 2281 1576 2364 Atqui
1621 2284 1677 2345 si
1726 2284 1901 2346 Plut.
1949 2282 2114 2365 Lyc.
2165 2303 2220 2345 c.
2277 2301 2308 2363 7
2338 2282 2614 2363 Ephoro

423 2417 582 2459 usus
652 2406 756 2460 est
817 2408 1094 2461 auctore
1113 2447 1127 2474 ‚
1192 2398 1397 2461 etiam
1459 2399 1752 2481 Polybio
1817 2408 2053 2462 auctor
2097 2397 2302 2461 fuisse
2347 2398 2616 2461 videtur

423 2512 753 2594 Ephorus
802 2551 885 2558 -—
929 2494 1262 2596 Polybius
1314 2525 1541 2578 autem
1587 2516 1718 2578 hac
1764 2515 1835 2577 in
1879 2525 2074 2596 parte
2120 2515 2300 2577 male
2345 2513 2614 2576 functus

424 2639 528 2693 est
594 2651 872 2694 munere
940 2632 1276 2705 historici,
1346 2652 1503 2695 nam
1576 2633 1661 2695 de
1725 2631 2080 2713 republica
2147 2630 2308 2694 Lac.
2369 2650 2583 2712 agens
2601 2677 2614 2704 ,

424 2766 581 2809 cum
649 2767 725 2810 se
787 2747 1164 2811 contineret
1224 2747 1293 2809 in
1353 2747 1624 2830 legibus
1692 2746 1997 2830 Lycurgi
2043 2745 2465 2827 exponendis
2483 2793 2497 2819 ,
2547 2754 2617 2807 et

338 2950 341 2951 γ
423 2863 728 2927 instituta
772 2865 1151 2927 recentiora
1197 2885 1441 2947 regum
1490 2864 1921 2945 Theopompi
1973 2873 2043 2927 et
2070 2862 2399 2944 Polydori
2422 2860 2615 2924 omit-

424 2987 601 3041 teret
617 3027 633 3052 ,
695 2980 859 3061 reip.
918 2980 1079 3044 Lac.
1141 2981 1509 3064 imaginem
1555 2979 1942 3043 informavit
1988 3000 2030 3042 a
2074 2999 2239 3041 vero
2288 2977 2613 3051 alienam;

424 3104 496 3157 et
547 3114 722 3175 quae
768 3096 972 3159 tradit
1018 3097 1109 3159 de
1150 3096 1269 3159 illa
1314 3096 1778 3159 moderatione
1826 3096 2119 3176 partium
2167 3093 2585 3176 reipublicae
2602 3141 2616 3167 ,

427 3212 793 3274 ostendunt
863 3232 1020 3274 eum
1080 3212 1353 3275 minime
1417 3212 1837 3276 intellexisse
1892 3212 2222 3275 rationem
2267 3209 2449 3272 illius
2493 3207 2618 3271 rei-

429 3326 747 3407 publicae
793 3328 1274 3391 moderationis
1321 3328 1539 3409 qualis
1584 3337 1745 3409 post
1789 3327 2083 3408 ephoros
2127 3325 2467 3389 institutos
2492 3323 2619 3386 fuit

420 3598 610 3659 enim:
661 3607 779 3671 τοὺς
812 3607 1015 3682 ἐφόρους
1049 3599 1132 3660 ait
1176 3605 1234 3663 δὲ
1271 3606 1337 3662 τὰ
1375 3605 1511 3661 αὐτὰ
1548 3612 1656 3669 τοῖς
1692 3606 1741 3660 ἐν
1781 3610 1952 3681 Κρήτῃ
1995 3606 2240 3679 Κοσμίοις
2277 3602 2617 3668 ὃιοικοῦντας,

423 3704 603 3779 ἑτέρως
637 3708 971 3780 ὠνομάσθαι.
1012 3706 1106 3765 τὴν
1146 3705 1204 3761 δὲ
1243 3706 1515 3760 cuam-ciana
1560 3697 1826 3777 Ἀνὸρεῖαν
1865 3700 2008 3775 παρὰ
2046 3701 2134 3776 μὲν
2173 3707 2280 3764 τοῖς
2314 3700 2509 3774 Κρησὶν
2548 3696 2623 3754 ἔτι

423 3803 511 3858 καὶ
559 3808 647 3856 νῦν
698 3803 1002 3871 καλεῖσθαι,
1053 3803 1193 3877 παρὰ
1243 3800 1302 3857 δὲ
1349 3808 1458 3865 τοῖς
1505 3802 1852 3876 Σπαρτιάταις
1895 3800 1964 3874 μὴ
2007 3797 2268 3874 διαμεῖναι
2306 3797 2622 3872 καλουμένην

425 3903 632 3978 ὁμοίως,
674 3901 741 3965 ὡς
776 3902 1040 3976 πρότερον.

518 3994 560 4076 1)
601 3998 859 4072 Lycurg.
902 4013 955 4054 c.
1005 4011 1056 4068 7.

511 4093 562 4176 2)
603 4096 751 4154 Plat.
796 4094 872 4153 de
913 4097 1095 4171 Legg.
1140 4095 1248 4152 III.
1292 4113 1351 4170 p.
1397 4095 1509 4169 691
1557 4095 1627 4151 E.
1671 4090 1863 4172 (τριτὸς
1900 4088 2116 4170 σωτήρ).

516 4192 563 4273 3>
605 4192 788 4252 Arist.
830 4193 955 4252 Pol.
998 4193 1075 4251 II.
1120 4212 1173 4251 e.
1219 4211 1273 4268 3.

514 4290 564 4372 4)
606 4295 690 4353 Ut
754 4290 1062 4352 contendit
1122 4291 1327 4368 Flugel
1380 4289 1476 4350 die
1534 4290 1785 4364 Quellen
1838 4287 1900 4346 in
1954 4287 2263 4346 Plutarchs
2315 4291 2623 4367 Lycurgus

432 4394 625 4453 Marb.
676 4393 827 4465 1870
870 4390 997 4471 (cfr.
1041 4389 1330 4449 Susemihl
1368 4390 1539 4466 proll.
1584 4388 1680 4447 ad.
1725 4385 1897 4446 Polit.
1941 4406 2000 4463 p.
2042 4385 2251 4466 LXII).
