3375 5084
1883 367 2001 408 122

852 540 1176 604 victoriae
1239 561 1279 602 a
1333 539 1667 602 Marcello
1715 542 1803 602 ad
1846 539 2096 602 Nolam
2139 540 2400 602 relatae
2447 559 2621 602 anno
2673 561 2706 600 2
2724 563 2745 601 1
2763 560 2797 618 5
2849 551 3032 622 post-

735 742 740 747 ·
846 672 1049 739 quam
1095 659 1317 719 denuo
1364 656 1609 719 frustra
1654 658 1896 719 urbem
1944 666 2466 738 oppugnaverat
2492 656 2839 719 Hannibal
2863 657 3029 739 (Liv.

846 772 1119 836 XXIII.
1190 794 1245 836 0.
1311 792 1390 850 45
1459 781 1528 835 et
1591 772 1698 854 46)
1739 768 1798 854 ¹).
1889 772 2126 834 Livius
2187 792 2430 854 parum
2494 782 2814 835 accurate
2858 772 3035 836 hanc

844 910 1148 972 pugnam
1194 888 1515 952 describit
1531 937 1545 963 ,
1595 888 1691 951 ait
1735 897 2000 952 tantum
2045 888 2316 951 Poenos
2364 889 2544 951 omni
2575 899 2773 971 parte
2797 891 3033 971 pulsos

844 1015 1042 1087 terga
1102 1005 1369 1067 dedisse
1436 1014 1643 1086 atque
1707 1005 1776 1066 in
1842 1013 2064 1067 castra
2126 1004 2512 1087 compulsos
2561 1025 2711 1068 esse
2728 1053 2742 1080 ,
2791 1014 2862 1069 et
2906 1006 3036 1068 hos

846 1141 1163 1184 numeros
1219 1120 1439 1182 addit:
1500 1120 1800 1182 hostium
1859 1120 2016 1201 plus
2080 1140 2252 1197 5000
2310 1141 2513 1183 caesa
2568 1140 2652 1183 eo
2700 1122 2844 1195 die,
2891 1121 3039 1183 vivi

847 1237 1030 1318 capti
1100 1241 1231 1299 600
1302 1245 1372 1298 et
1436 1236 1634 1318 signa
1695 1235 2010 1298 militaria
2079 1257 2154 1315 19
2218 1245 2289 1298 et
2357 1258 2387 1297 2
2441 1236 2819 1317 elephanti,
2880 1259 2919 1314 4
2965 1237 3041 1298 in

846 1353 993 1415 acie
1079 1352 1316 1427 occisi,
1384 1352 1859 1416 Romanorum
1927 1352 2146 1414 minus
2225 1374 2391 1415 1000
2463 1351 2800 1415 interfecti
2818 1402 2832 1427 ‚
2906 1371 3034 1432 272

842 1470 1177 1532 Numidae
1227 1470 1316 1531 ad
1360 1470 1718 1533 Romanos
1763 1468 2284 1552 transfugerunt.
2376 1469 2527 1532 Hos
2556 1456 2887 1557 fnumeros
2933 1490 3033 1532 ex

845 1586 1089 1647 eadem
1150 1583 1419 1648 officina
1476 1595 1830 1667 promptos
1893 1606 2042 1647 esse
2099 1606 2235 1667 qua
2279 1585 2435 1648 illos
2479 1585 2844 1648 verisimile
2892 1595 3036 1661 est;

844 1710 915 1763 et
982 1701 1115 1763 hoc
1187 1702 1340 1764 loco
1411 1710 1480 1764 et
1548 1694 1681 1763 illis
1750 1721 2069 1764 numerus
2138 1702 2609 1764 Romanorum
2682 1721 3043 1764 caesorum

846 1815 1120 1897 ponitur
1177 1815 1320 1879 fere
1379 1826 1576 1879 sexta
1620 1836 1778 1897 pars
1821 1817 2085 1879 numeri
2129 1816 2516 1879 Poenorum
2563 1836 2917 1880 caesorum
2970 1826 3044 1880 et

849 1941 1220 2013 captorum.
1269 1970 1351 1978 --

931 2046 1040 2110 De
1100 2050 1307 2111 rebus
1372 2070 1403 2109 2
1422 2052 1625 2110 16-——2
1644 2070 1665 2109 1
1690 2070 1711 2109 1
1776 2049 1866 2110 ab
1913 2048 2303 2112 Hannibale
2349 2048 2563 2131 gestis
2608 2049 2775 2111 nihil
2822 2049 3043 2144 Poly-

842 2162 1120 2225 bianum
1165 2163 1360 2226 nobis
1406 2173 1716 2245 superest
1732 2213 1746 2239 ‚
1795 2173 1866 2226 et
1910 2173 1986 2226 ut
2032 2164 2175 2227 dixi
2221 2165 2308 2227 de
2351 2164 2433 2227 iis
2458 2174 2774 2228 accurate
2803 2165 3042 2247 egisse

844 2278 1208 2361 Polybium
1272 2299 1406 2342 non
1453 2280 1675 2342 credo.
1770 2277 1912 2343 Sed
1958 2281 2046 2342 ad
2091 2299 2339 2343 annum
2391 2302 2460 2342 21
2483 2303 2505 2341 1
2562 2280 2658 2363 (P.
2705 2280 2832 2344 IX.
2883 2301 2943 2344 0.
3001 2304 3039 2360 3

844 2415 1004 2476 sqq„
1071 2394 1415 2457 Hannibal
1464 2404 1533 2457 et
1580 2396 1895 2459 consules
1939 2396 2242 2459 Romani
2289 2397 2378 2458 ad
2425 2395 2748 2478 Capuam)
2794 2397 3045 2477 paucis

843 2511 1072 2573 verbis
1126 2510 1458 2593 Polybius
1506 2521 1757 2574 statum
1802 2512 1969 2574 belli
2018 2512 2351 2593 exposuit.
2443 2511 2631 2576 Dicit
2677 2514 2727 2595 (5
2777 2511 2837 2594 6)
2882 2513 3041 2576 Ro-

844 2647 1081 2689 manos
1138 2636 1295 2708 post
1357 2647 1644 2710 magnas
1713 2637 1784 2691 et
1840 2628 2088 2692 multas
2144 2629 2377 2691 clades
2423 2638 2744 2710 acceptas
2789 2629 3043 2712 (Trasi-

843 2764 1162 2805 mennum
1179 2792 1193 2818 ,
1258 2742 1549 2826 Cannae)
1610 2744 1679 2807 in
1745 2743 2002 2825 Campo
2065 2755 2287 2808 castra
2349 2765 2603 2827 ponere
2651 2755 2721 2808 et
2767 2746 2916 2808 acie
2972 2747 3044 2809 ei

846 2860 1159 2922 resistere
1233 2862 1532 2923 nondum
1608 2881 1811 2924 ausos
1883 2882 2032 2924 esse
2051 2910 2065 2935 ‚
2135 2872 2396 2926 tantum
2464 2863 2719 2944 oppida
2782 2862 3041 2926 Italiae

845 2976 929 3058 (N
930 2976 1110 3037 olam
1126 3025 1140 3051 ‚
1187 2976 1514 3039 Puteolos
1532 3026 1545 3052 ‚
1594 2976 1841 3040 Cumas
1858 3027 1872 3053 ‚
1921 2978 2056 3040 alia
2100 2977 2333 3059 multa)
2366 2998 2628 3041 summa
2653 2979 3045 3061 pertinacia

845 3101 915 3154 et
974 3093 1349 3155 constantia
1402 3092 1815 3169 defendisse3
1865 3114 1983 3156 eos
2028 3103 2308 3176 propter
2355 3095 2655 3176 equitum
2700 3095 3038 3158 Numida-

844 3228 992 3270 rum
1059 3218 1314 3271 metum
1383 3210 1452 3271 in
1511 3210 1703 3272 locos
1762 3211 2004 3291 planos
2062 3231 2198 3273 non
2260 3211 2721 3287 descendisse,
2783 3213 2908 3274 sed
2968 3213 3046 3275 in

848 3325 1175 3387 montium
1223 3325 1688 3407 oppositorum
1736 3326 1868 3388 oris
1901 3309 2132 3408 copias
2165 3328 2491 3390 ducentes
2516 3347 2635 3390 eos
2658 3326 3047 3390 Hannibali

845 3440 1242 3523 procedenti
1300 3441 1549 3506 instare
1611 3442 1849 3504 solitos
1910 3463 2060 3504 esse
2119 3442 2169 3524 (ἓ
2223 3443 2311 3525 7);
2360 3462 2444 3505 eo
2489 3443 2712 3525 magis
2757 3442 2828 3505 id
2875 3464 3043 3506 esse

846 3557 1312 3620 admirandum
1330 3606 1344 3631 ,
1391 3558 1574 3638 quod
1617 3559 1751 3629 hoc
1796 3558 2089 3639 primum
2135 3578 2311 3621 anno
2358 3559 2415 3640 (2
2433 3580 2454 3619 1
2478 3558 2532 3640 1)
2578 3579 2621 3620 a
2665 3558 2836 3621 locis
2876 3559 3052 3622 altis

848 3673 1320 3736 descenderint
1367 3683 1436 3736 et
1479 3672 1547 3735 in
1596 3694 1839 3756 campo
1886 3674 2122 3737 castris
2167 3674 2405 3757 positis
2452 3674 2754 3756 Capuam
2791 3676 3049 3738 urbem

845 3790 1358 3853 munitissimam
1405 3790 1719 3853 obsidere
1763 3791 2165 3855 induxerint.
2259 3789 2525 3855 Scimus
2573 3801 2802 3854 autem
2848 3791 3046 3857 hunc

933 4086 973 4169 ¹)
1027 4089 1115 4146 W.
1172 4087 1318 4146 Ihne
1373 4086 1576 4169 (Rom.
1634 4087 1850 4147 Gesch.
1909 4085 2068 4164 Lips.
2125 4089 2277 4147 1868
2319 4089 2397 4147 H.
2442 4109 2498 4166 p.
2550 4106 2661 4164 227
2706 4070 2842 4148 adn.
2896 4091 3055 4174 181)

739 4216 740 4221 κ
840 4186 1041 4245 statuit
1103 4185 1463 4263 proeliorum
1525 4185 1604 4245 ad
1664 4186 1881 4247 Nolam
1939 4195 2239 4264 gestorum
2296 4186 2662 4247 narrationes
2714 4207 2861 4264 quas
2906 4191 3051 4249 Liv.

842 4295 958 4344 tres
1015 4285 1136 4344 edit
1192 4285 1421 4365 (XXIII
1503 4307 1604 4360 14,
1664 4287 1888 4344 ΧΧΠΙ.
1948 4289 2219 4361 43-46,
2274 4288 2495 4345 XXIV.
2560 4286 2655 4368 17)
2705 4307 2916 4347 omnes
2965 4290 3051 4349 ad

842 4403 1025 4441 unum
1079 4384 1368 4460 proelium
1423 4384 1717 4461 pertinere
1735 4431 1750 4459 ,
1808 4386 1973 4461 quod
2020 4403 2218 4444 errore
2275 4394 2364 4444 ter
2405 4385 2770 4462 repetivisset
2809 4384 3044 4448 Livius.
