3375 5084
1500 344 1568 402 71

448 517 812 597 diligenter
873 516 1310 597 comparatiS,
1370 517 1455 577 de
1511 537 1747 578 eorum
1792 516 2088 581 fontibus
2135 533 2595 602 exposuerunt
2614 571 2627 595 ,

447 643 518 697 et
577 633 873 714 priorem
933 632 1363 695 traditionem
1426 633 1518 694 ad
1562 633 1879 709 Fabium,
1927 638 2293 699 secundam
2340 638 2427 700 ad
2473 639 2629 701 Phi·
2725 615 2732 619 ”

447 749 660 811 linum
705 749 840 831 (qui
888 749 1153 811 etiamsi
1200 748 1778 831 Carthaginiensis
1822 772 1958 814 non
2004 763 2149 815 erat
2166 801 2179 827 ,
2228 762 2457 816 tamen
2496 755 2628 817 hoc

443 864 700 927 bellum
762 885 801 926 e
864 863 1164 927 fontibus
1225 885 1359 927 non
1422 865 1762 929 Romanis
1825 877 1896 931 et
1950 888 1988 930 e
2032 878 2227 949 parte
2275 868 2628 952 Carthagi-

445 980 776 1042 niensium
840 980 1246 1061 descripsit),
1305 982 1576 1044 tertiam
1628 983 1720 1044 ad
1765 981 2118 1061 Valerium
2163 983 2515 1048 Antiatem
2563 985 2627 1066 ¹),

449 1098 579 1179 (cui
624 1098 960 1160 accedunt
1004 1097 1380 1160 Tuditanus
1397 1148 1411 1173 ,
1460 1099 1734 1162 Tubero
1780 1099 1916 1181 alii)
1962 1100 2380 1164 rettulerunt.

534 1212 783 1275 Philini
851 1232 1097 1275 nomen
1166 1213 1382 1276 tribus
1442 1214 1611 1278 locis
1671 1236 1715 1277 a
1776 1215 2083 1279 Diodoro
2131 1217 2478 1280 laudatum
2526 1229 2630 1281 est

443 1329 736 1413 (XXIII.
810 1335 847 1393 8
916 1336 946 1406 5
1019 1351 1128 1409 17;
1190 1330 1464 1393 XXIV.
1538 1353 1604 1392 11
1679 1337 1710 1408 5
1785 1354 1847 1407 13
1911 1331 2184 1396 XXIII.
2257 1339 2331 1397 18
2395 1340 2425 1410 5
2497 1356 2517 1395 1
2589 1356 2628 1396 e
2721 1409 2726 1417 .

444 1447 834 1510 coniectura
877 1467 1021 1527 pro·
1049 1445 1411 1526 Philistus).
1481 1445 1717 1528 Vulgo
1765 1468 1857 1509 ex
1902 1447 1981 1509 iis
2014 1447 2347 1529 efficiunt,
2384 1449 2628 1529 quibus

441 1563 792 1626 Niebuhrii
854 1575 923 1627 et
981 1564 1411 1626 Mommsenii
1472 1564 1840 1626 auctoritas
1901 1563 2148 1627 sufficit
2208 1575 2283 1627 ut
2345 1567 2627 1629 credant

440 1679 820 1742 Diodorum
864 1679 1060 1742 Fabii
1106 1680 1462 1742 annalibus
1507 1680 1814 1761 apprime
1861 1700 2054 1742 usum
2104 1701 2283 1756 esse,
2317 1682 2623 1744 Diodoro

440 1797 648 1858 etiam
693 1807 769 1859 ut
814 1796 1127 1877 Polybio·
1155 1797 1281 1858 hos
1327 1797 1462 1867 duo
1508 1797 1694 1859 solos
1741 1807 2053 1860 auctores
2099 1796 2305 1860 fuisse
2338 1797 2625 1861 Fabium

440 1922 511 1974 et
571 1913 930 1976 Philinum.
1022 1911 1163 1976 Sed
1221 1915 1307 1976 de
1353 1914 1473 1975 illo
1518 1914 1964 1976 vehementer
2008 1914 2246 1977 dubito
2288 1913 2350 1995 2).
2446 1913 2624 1996 Qua-

440 2039 637 2091 tenus
682 2028 954 2092 traditio
1002 2050 1243 2092 manca
1287 2030 1626 2092 iudicandi
1659 2004 1930 2111 copiam
1950 2032 2254 2112 praebet,
2280 2030 2625 2094 Diodorus

437 2143 582 2207 fere
628 2144 1000 2220 Philinum,
1048 2146 1307 2227 aliquot
1353 2146 1521 2208 locis
1567 2146 1933 2227 Polybium
1979 2156 2253 2210 secutus
2300 2158 2421 2210 est.

529 2261 784 2325 Multas
853 2262 1033 2325 enim
1099 2283 1209 2325 res
1278 2283 1453 2344 quae
1514 2283 1843 2344 prospere
1907 2273 2281 2345 evenerunt
2343 2264 2592 2326 Poenis
2610 2313 2623 2337 ,

436 2378 616 2440 male
692 2378 1030 2442 Romanis
1054 2429 1069 2455 ,
1146 2379 1386 2442 sedulo
1463 2380 1551 2441 ab
1629 2400 1714 2442 eo
1793 2391 2221 2443 enumeratas
2296 2380 2621 2463 legimus:

438 2494 714 2557 XXIII.
779 2517 815 2574 3
872 2498 950 2577 (a.
1002 2496 1149 2577 264)
1195 2496 1526 2578 Egestam
1570 2496 1819 2560 frustra·
1866 2497 2213 2560 obsessam
2261 2507 2331 2559 et
2375 2497 2624 2560 multos

438 2611 686 2674 milites
762 2612 1117 2675 Romanos
1191 2622 1472 2675 necatos
1540 2632 1725 2685 esse;
1795 2613 1883 2676 ib.
1965 2618 2039 2675 18
2111 2619 2141 2689 5
2216 2633 2247 2674 2
2293 2612 2401 2693 ·(a.
2477 2633 2508 2674 2
2519 2632 2553 2690 5
2564 2613 2623 2693 5)

435 2727 899 2810 Agrigentum
972 2749 1014 2790 a
1074 2728 1449 2792 Cathalone
1512 2736 1818 2809 captum3
1887 2729 2044 2791 ibid.
2109 2751 2148 2808 9
2196 2734 2226 2805 5
2274 2750 2314 2806 4
2362 2729 2623 2809 aliquot

433 2828 637 2906 urbes
706 2865 874 2925 quas
942 2845 1271 2926 Polybius
1340 2866 1382 2906 a
1442 2845 1780 2908 Romanis
1842 2854 2078 2926 captas
2140 2865 2289 2907 esse
2359 2854 2620 2907 tantum

434 2961 670 3035 tradit,
732 2932 935 3023 antea
996 2962 1084 3023 ab
1146 2960 1538 3023 Hamilcare
1600 2961 1677 3042 (a.
1740 2960 2110 3040 261—259)
2157 2980 2306 3022 esse
2354 2980 2620 3042 expug-

432 3085 629 3138 natas
688 3076 1059 3157 praemittit
1117 3076 1237 3150 D.;
1294 3075 1569 3139 XXIII.
1619 3099 1658 3154 4
1708 3082 1738 3152 5
1791 3097 1822 3137 2
1877 3077 1953 3158 (a.
2009 3075 2154 3157 263)
2201 3078 2288 3138 ab
2335 3076 2618 3138 Adrano

433 3203 505 3255 et
550 3192 849 3255 Macella
892 3193 1195 3255 Romani
1241 3190 1546 3274 ἀπῆλθον
1594 3197 1923 3277 ἄπρακτοι
1946 3219 1967 3270 ,·
2015 3193 2175 3255 ibid.
2230 3214 2267 3271 9
2317 3198 2347 3268 5
2383 3214 2417 3270 3
2451 3191 2622 3273 (259)

432 3329 474 3370 a
537 3308 926 3390 Mytistrato
996 3307 1412 3393 ἀνεχώρησαν
1484 3311 1810 3389 ἄπρακτοι
1833 3335 1856 3386 ,-
1927 3314 1957 3384 5
2032 3331 2070 3385 4
2132 3307 2483 3371 Hamilcar
2534 3307 2623 3368 ad

430 3424 762 3487 Thermas
830 3424 1188 3487 Romanos
1257 3423 1651 3507 profligavit
1716 3427 1824 3488 καὶ
1888 3423 2272 3488 ἀπέκτεινεν
2331 3460 2413 3468 -—
2463 3420 2618 3500 παρ’

431 3537 657 3619 ὀλίγον
731 3539 798 3604 δὲ
870 3542 1028 3622 ὅλην
1102 3545 1219 3622 τὴν
1293 3539 1619 3624 δύναμιν3
1690 3542 1776 3615 ib,
1853 3546 1890 3604 8
1961 3546 1991 3616 5
2056 3562 2090 3618 3
2157 3538 2328 3621 (262)
2390 3539 2620 3600 dolum

433 3656 789 3719 Hannonis
851 3657 1074 3741 tangit
1091 3706 1104 3733 ,
1167 3678 1304 3739 quo
1367 3659 1423 3720 is
1485 3667 1554 3721 et
1616 3657 1828 3738 copiis
1890 3656 2240 3719 conductis
2286 3655 2621 3718 seditiosis

432 3783 504 3835 et
563 3773 869 3836 hostibus
929 3774 1250 3836 nocuerit.
1342 3773 1764 3835 Mentionem
1808 3771 1972 3835 facit
2017 3771 2360 3834 Diodorus
2403 3771 2503 3832 rei
2549 3771 2617 3831 in

433 3890 735 3971 γερουσίᾳ
785 3889 1196 3971 Carthagine
1245 3899 1440 3952 actae
1488 3889 1565 3969 (a.
1618 3887 1784 3969 256),
1831 3888 1918 3950 ib.
1967 3908 2022 3950 e.
2080 3909 2157 3949 10
2204 3892 2234 3963 5
2277 3909 2326 3949 1.
2389 3886 2617 3948 Vehe-

518 4166 562 4248 ¹)
607 4168 723 4227 Cfr.
771 4168 900 4225 Plin
963 4171 1038 4228 N.
1085 4170 1161 4226 H.
1213 4170 1388 4227 XXII
1448 4173 1483 4228 6
1527 4179 1585 4227 et
1627 4178 1940 4228 auctorum
1982 4165 2238 4225 indicem
2280 4165 2412 4226 libri
2454 4169 2618 4226 XXI.

425 4286 512 4342 sq.
560 4265 815 4345 Neuling
855 4288 894 4344 p
961 4286 1056 4345 35.

513 4363 563 4445 ²)
604 4368 844 4425 Mecum
884 4366 1110 4427 faciunt
1151 4365 1361 4426 Nissen
1402 4368 1438 4424 l.
1470 4387 1527 4444 p.
1560 4368 1637 4425 68
1666 4366 1804 4425 adn.
1842 4386 1871 4423 2
1904 4366 1962 4438 1.,
1994 4363 2236 4423 Nitzsch
2257 4367 2434 4425 Rom.
2459 4368 2614 4424 Ann.
