3375 5084
1488 319 1606 379 157

447 510 601 553 sum
658 491 926 585 dedisse
972 487 1474 574 (οἷπολλύνταςί)
1522 512 1605 555 eo
1653 493 1836 574 quod
1890 492 2264 556 Cleomenes
2311 514 2428 556 eas
2475 494 2634 556 dolo

445 608 757 689 cepisset.
808 645 889 651 —
939 607 1207 671 Deinde
1254 608 1438 690 quod
1482 609 1981 690 Thermopylas
2028 610 2444 684 clauserunt,
2492 609 2630 673 fac-

441 733 588 785 tum
658 732 763 786 est
832 732 1068 788 contra
1130 722 1559 806 Antigonum
1576 771 1591 799 ‚
1651 744 1789 787 non
1851 734 2084 787 contra
2143 724 2499 799 Achaeos;
2565 736 2635 789 et

443 839 673 902 mirari
743 849 1006 902 tantum
1075 859 1434 921 possumus
1501 860 1623 902 eos
1684 859 1821 902 non
1882 839 2039 921 plus
2100 838 2342 903 fecisse
2402 851 2637 904 contra

442 973 615 1034 opes
660 953 1110 1016 Macedoniae
1157 955 1332 1016 adeo
1380 963 1767 1018 crescentes
1811 955 2194 1036 proditione
2241 955 2458 1019 Arati.
2640 958 2643 961 ’

532 1068 845 1132 Iamvero
892 1071 981 1132 ad
1026 1069 1491 1151 Phylarchum
1536 1090 1850 1133 reversus
1867 1119 1880 1142 ‚
1930 1090 2013 1133 ea
2057 1073 2430 1134 recensebo
2456 1092 2631 1153 quae

440 1185 775 1267 Polybius
823 1186 1248 1248 emendanda
1294 1195 1364 1249 et
1409 1187 1735 1249 mutanda
1781 1186 1909 1248 sibi
1956 1207 2106 1249 esse
2152 1187 2446 1268 putavit,
2493 1187 2637 1249 sive

439 1301 712 1365 nomine
775 1302 1144 1365 adversarii
1204 1303 1308 1365 sui
1367 1302 1683 1385 apposito
1701 1351 1715 1377 ,
1764 1303 1907 1365 sive
1954 1304 2189 1365 minus,
2280 1302 2456 1366 Nam
2501 1303 2632 1365 hoc

442 1437 680 1480 eorum
739 1418 1143 1500 scriptorum
1205 1428 1551 1482 certamen
1614 1419 1820 1481 etiam
1881 1418 1949 1480 in
2007 1418 2377 1481 levioribus
2430 1420 2633 1481 rebus

440 1544 745 1615 apparet.
855 1534 1264 1598 Plutarchus
1341 1534 1542 1598 Arati
1617 1527 1965 1618 ingenium
2043 1535 2433 1598 describens
2452 1583 2466 1609 ,
2544 1535 2638 1597 ait

438 1649 781 1712 nonnullis
798 1699 813 1726 ,
876 1651 989 1732 qui
1038 1672 1076 1714 e
1125 1651 1623 1714 commentariis
1668 1650 1869 1714 Arati
1916 1660 2180 1713 tantum
2225 1650 2600 1713 iudicarent
2620 1698 2634 1723 ‚

440 1785 599 1828 eum
645 1765 714 1827 in
759 1766 1150 1838 disserendo
1197 1767 1540 1830 rudiorem
1585 1767 1806 1830 visum
1854 1787 2004 1830 esse
2024 1815 2038 1841 ,
2086 1768 2270 1848 quod
2319 1767 2637 1829 iudicium

438 1880 814 1963 Phylarchi
891 1904 1042 1946 esse
1118 1884 1427 1958 videtur;
1503 1883 1835 1965 Polybius
1905 1893 2134 1946 autem
2205 1882 2636 1966 eloquentiae

437 1998 715 2061 laudem
792 1999 1042 2062 diserte
1120 2000 1183 2062 ei
1258 2000 1559 2064 vindicat
1606 1999 1658 2081 ¹).
1763 2000 2034 2063 Deinde
2103 2010 2243 2062 tam
2312 2000 2526 2062 multa
2597 2019 2635 2060 e

434 2113 827 2196 Phylarcho
904 2117 1102 2179 nobis
1180 2118 1482 2180 servavit
1556 2116 1965 2180 Plutarchus
1983 2165 1998 2191 ,
2075 2126 2151 2179 ut
2222 2116 2415 2179 illum
2484 2135 2637 2179 cum

436 2229 735 2312 Polybio
784 2230 1090 2295 conferre
1135 2233 1473 2314 possimus
1518 2234 1587 2296 in
1631 2233 1738 2295 his
1782 2233 2017 2295 rebus:

528 2345 579 2408 I.
648 2346 980 2428 Polybius
1025 2349 1233 2412 tradit
1278 2347 1797 2423 Archidamum,
1830 2347 2107 2411 fratrem
2137 2346 2416 2430 Agidis,
2448 2357 2635 2410 metu

438 2460 828 2525 Cleomenis
874 2473 1164 2539 motum,
1213 2465 1492 2546 eiusque
1539 2464 1917 2546 imperandi
1965 2464 2280 2545 cupidine
2328 2464 2633 2544 cognita,

440 2598 481 2640 e
528 2578 751 2659 patria
796 2579 1171 2643 decessisse
1221 2590 1290 2643 et
1329 2579 1695 2643 Messenen
1734 2578 2059 2662 effugisse
2086 2580 2147 2661 ²).
2209 2577 2634 2660 Phylarchus

439 2704 679 2757 contra
742 2695 837 2758 ait
900 2716 1055 2758 eum
1112 2705 1270 2778 post
1314 2706 1603 2760 mortem
1647 2695 1872 2759 fratris
1918 2694 2236 2778 Spartam
2281 2694 2633 2776 reliquisse

436 2829 526 2872 ne
587 2809 934 2874 Leonidae
982 2812 1319 2874 obnoxius
1365 2810 1559 2875 fieret
1599 2812 1659 2893 ³).
1752 2811 1907 2875 Hoc
1955 2821 2181 2874 autem
2228 2811 2444 2873 multo
2492 2829 2633 2871 cre-

525 3043 566 3127 ¹)
607 3046 693 3105 Pl.
737 3048 907 3105 Arat.
952 3065 988 3105 c
1049 3067 1118 3123 3:
1164 3056 1335 3109 καίτοι
1372 3053 1640 3127 γεγονέναι
1676 3050 1987 3126 κομψότερον
2029 3053 2187 3107 εἰπεῖν
2227 3050 2258 3112 ἦ
2297 3049 2440 3106 δοκεῖ
2476 3071 2634 3118 τισιν,

430 3151 489 3206 ἐκ
524 3157 623 3205 τῶν
663 3150 1044 3226 ὑπομνημάτων
1083 3153 1362 3225 κρίνουσιν.
1403 3179 1478 3188 -w
1519 3144 1645 3203 Pol.
1690 3145 1792 3202 IV.
1838 3144 1874 3201 8
1917 3150 1944 3215 §
1992 3163 2051 3202 1:
2097 3149 2185 3203 καὶ
2221 3147 2324 3224 ’γὰρ
2362 3150 2519 3204 εἰπεῖν
2558 3176 2638 3187 -·—

433 3247 674 3312 δυνατός.

514 3340 566 3423 2)
606 3343 733 3427 Pol.
776 3345 851 3401 V.
898 3361 971 3419 37
1018 3351 1046 3415 5
1092 3364 1123 3402 2
1169 3353 1230 3403 et
1269 3345 1440 3403 VIII.
1493 3363 1519 3402 1
1568 3350 1595 3415 ξ
1641 3363 1697 3419 3.

517 3439 566 3522 3)
607 3443 727 3519 Ap.
782 3442 936 3502 Plut.
994 3442 1219 3503 Cleom.
1281 3445 1328 3502 I.
1395 3463 1445 3502 1.
1530 3444 1601 3501 In
1656 3442 1834 3502 rebus
1887 3439 2498 3501 Lacedaemoniorum
2550 3439 2636 3521 (in

427 3539 553 3600 vita
614 3539 972 3622 Cleomenis)
1032 3552 1243 3603 auctor
1300 3541 1408 3602 fuit
1463 3542 1786 3602 Plutarcho
1841 3541 2206 3618 Phylarchus
2225 3587 2239 3614 ,
2293 3559 2473 3616 quem
2515 3537 2635 3598 iam

430 3641 631 3717 paullo
673 3651 811 3700 ante
852 3640 912 3700 in
954 3639 1080 3700 vita
1120 3640 1330 3719 Agidis
1371 3640 1448 3722 (c.
1495 3641 1557 3723 9)
1597 3641 1804 3700 laudat
1821 3686 1835 3715 ,
1881 3639 1985 3701 ubi
2026 3638 2257 3717 quaerit
2301 3639 2377 3698 de
2410 3637 2634 3716 origine

431 3738 639 3816 templi
697 3739 1025 3818 Pasiphaae
1082 3739 1141 3799 in
1198 3739 1424 3819 oppido
1466 3739 1787 3800 Thalamis.
1832 3741 2058 3800 Cleom.
2102 3759 2138 3798 c
2207 3758 2232 3796 1
2279 3747 2481 3797 narrat
2524 3739 2635 3795 Ar-

430 3836 775 3898 chidamum
839 3848 976 3916 post
1039 3837 1297 3916 Agidem
1351 3839 1728 3899 interfectum
1784 3839 1998 3916 Sparta
2057 3837 2262 3897 relicta
2322 3838 2635 3896 Messenen

429 3936 754 4015 perfugisse
796 3947 1119 4014 antequam
1161 3936 1459 3997 Leonidas
1500 3957 1638 3997 eum
1680 3937 2049 4014 prehendere
2091 3933 2379 4012 potuisset
2393 3955 2409 4008 3
2431 3933 2633 4010 itaque

430 4035 834 4096 Archidamus
875 4055 913 4096 a
953 4036 1222 4096 Leonida
1262 4046 1321 4096 et
1363 4036 1670 4114 Amphare
1714 4033 1821 4097 sibi
1860 4033 2193 4095 cavendum
2221 4052 2347 4093 esse
2377 4032 2605 4092 censuit
2614 4056 2630 4108 ;

431 4136 572 4195 hoc'
604 4135 921 4214 Phylarchi
977 4130 1126 4196 esse
1159 4145 1408 4214 apparet
1465 4136 1681 4195 collato
1737 4133 1985 4212 Polybio
2027 4136 2101 4191 V.
2147 4150 2221 4209 37
2267 4140 2294 4204 ξ
2343 4153 2406 4207 13
2450 4131 2631 4191 etiam

434 4234 661 4295 Cleom.
725 4255 774 4295 c.
848 4253 879 4310 5
944 4235 1312 4312 Phylarchus
1368 4243 1578 4293 auctor
1633 4232 2003 4301 nominatur,
2062 4240 2122 4290 et
2173 4226 2310 4290 eum
2367 4229 2630 4311 sequitur

424 4333 782 4394 Plutarchus
824 4331 885 4392 in
928 4331 1272 4393 enarrandis
1313 4331 1508 4392 reditu
1551 4341 1610 4391 et
1650 4340 1842 4391 morte
1885 4329 2253 4389 Archidami.
