3375 5084
1444 318 1566 380 257

421 490 633 555 filium
693 492 1009 555 Attalum
1067 493 1350 556 comiter
1402 492 1778 574 accipiunt).
1829 530 1911 539 —
1960 491 2144 557 Sane
2191 492 2465 575 quidem
2511 494 2598 556 de

424 607 528 669 his
573 608 778 669 rebus
820 627 957 670 non
1001 617 1141 671 tam
1186 608 1401 671 libere
1447 608 1747 689 loquitur
1792 618 1996 689 atque
2043 620 2243 671 antea
2288 611 2373 671 de
2407 629 2602 691 grae-

422 722 553 797 cis3
601 723 723 785 sed
769 743 852 785 eo
897 724 1208 786 acerbior
1251 744 1458 805 saepe
1503 722 1684 787 facta
1732 734 1838 787 est
1879 725 2305 806 vituperatio,
2397 724 2603 787 Deni-

422 857 555 918 que
624 838 704 901 iis
765 858 940 919 quae
1004 839 1278 921 oblique
1339 840 1605 921 scripsit
1665 842 1752 903 de
1815 840 2001 903 bello
2063 840 2323 926 Punico
2370 841 2571 904 tertio
2590 889 2603 915 ,

422 954 772 1035 opiniones
838 954 1135 1018 virorum
1206 953 1620 1019 Graecorum
1692 976 1766 1018 se
1836 976 2182 1038 exponere
2249 956 2570 1019 simulans
2587 1004 2603 1029 ,

420 1089 661 1132 revera
715 1070 940 1133 varias
983 1079 1212 1153 partes
1259 1081 1328 1134 et
1375 1070 1658 1134 consilia
1704 1071 2177 1134 Romanorum
2224 1073 2604 1153 composuit

424 1186 830 1268 (XXXVII.
879 1208 934 1251 c.
991 1188 1220 1269 1—10).
1295 1188 1596 1250 Primum
1642 1198 1872 1251 autem
1920 1188 2249 1253 Catonem
2297 1189 2606 1251 audimus

423 1311 495 1364 et
557 1322 678 1364 eos
738 1303 853 1384 qui
915 1303 1297 1366 censuerint
1353 1302 1840 1387 Carthaginem
1891 1326 2045 1368 esse
2092 1306 2453 1368 delendam
2470 1354 2484 1380 ‚
2531 1314 2607 1368 ut

421 1427 753 1499 perpetua
838 1417 1191 1482 formidine
1284 1420 1681 1483 liberaretur
1779 1421 2134 1504 irnperium
2212 1422 2606 1485 Romanum

419 1534 515 1616 (1²
583 1540 613 1611 ἓ
689 1534 762 1616 2).
853 1535 943 1599 Iis
1012 1537 1374 1618 opponitur
1440 1538 1657 1601 altera
1720 1537 1948 1619 opinio
1968 1587 1982 1614 ‚
2042 1538 2197 1602 talis
2252 1537 2426 1601 fere:
2473 1539 2607 1600 hoc

420 1651 703 1733 dignum
771 1651 1093 1714 Romano
1161 1652 1438 1735 ingenio
1505 1674 1653 1716 esse
1717 1654 2140 1736 propositum
2158 1703 2172 1729 ,
2219 1655 2403 1736 quod
2447 1663 2606 1716 ante

419 1786 481 1829 a.
539 1788 561 1827 1
581 1785 612 1845 7
629 1788 650 1828 1
707 1765 850 1830 fere
879 1767 1272 1843 tenuissent,
1304 1769 1655 1832 debellare
1687 1789 1808 1832 eos
1839 1770 1953 1850 qui
1987 1770 2223 1833 ditioni
2244 1754 2605 1832 Romanae

417 1882 811 1946 resisterent
827 1932 841 1958 ,
873 1885 1204 1965 superbos
1236 1885 1325 1947 ad
1351 1885 1810 1949 obedientiam
1843 1905 2112 1969 cogere,
2136 1885 2607 1949 innocentibus

418 2017 732 2079 parcere;
802 2000 891 2061 ab
957 2000 1091 2062 hoc
1152 2001 1506 2081 proposito
1567 2002 1703 2063 iam
1763 2002 1951 2064 bello
2013 2001 2289 2064 Persico
2336 2003 2605 2064 aberra-

415 2112 597 2175 visse
672 2113 1026 2177 Romanos
1051 2163 1066 2190 ‚
1143 2135 1299 2178 cum
1382 2136 1674 2198 regnum
1742 2117 2262 2181 Macedonicum
2330 2137 2607 2199 prorsus

417 2228 849 2304 evertissent;
918 2230 1179 2293 bellurn
1242 2232 1375 2295 hoc
1442 2231 1776 2294 Punicum
1838 2232 1900 2294 ei
1945 2234 2150 2314 plane
2198 2233 2606 2296 contrarium

419 2364 571 2407 esse
589 2393 603 2420 ‚
675 2365 829 2408 cum
898 2365 1052 2408 eam
1119 2356 1399 2428 gentem
1471 2347 1719 2409 adoriri
1789 2357 1859 2410 et
1917 2348 2150 2411 delere
2220 2349 2572 2411 studerent
2589 2396 2604 2421 ,

419 2481 596 2543 quae
670 2462 928 2525 nullam
995 2483 1280 2545 gravem
1351 2464 1622 2545 culpam
1690 2464 1760 2526 in
1831 2485 1950 2527 eos
2020 2464 2401 2528 admisisset
2467 2463 2602 2546 (cfr.

420 2578 626 2642 etiam
687 2577 1003 2642 XXXII.
1066 2600 1097 2641 2
1151 2585 1181 2656 §
1231 2580 1325 2661 6),
1373 2590 1444 2643 et
1488 2581 1617 2643 hac
1664 2581 1927 2643 ratione
1973 2581 2301 2663 populum
2347 2581 2606 2643 Roma-

418 2713 579 2755 num
639 2713 855 2774 prope
918 2695 1006 2757 ad
1066 2714 1386 2776 rapacem
1432 2694 1957 2759 Atheniensium
2005 2706 2074 2760 et
2120 2693 2607 2777 Spartanorum

418 2810 772 2873 avaritiam
819 2811 1046 2874 delabi
1091 2811 1166 2894 (c,
1223 2811 1326 2893 lb).
1419 2811 1620 2874 Hanc
1668 2813 2056 2893 opinionem
2075 2861 2089 2887 ,
2136 2832 2342 2895 quam
2369 2832 2602 2874 eorum

418 2923 624 2988 fuisse
681 2926 795 3006 qui
852 2946 1004 2988 cum
1051 2924 1486 3008 Scipionibus
1531 2937 1789 2991 starent
1807 2977 1822 3002 ,
1871 2928 2265 2991 eruditionis
2311 2948 2605 3010 graecae

420 3038 758 3103 fautorum
776 3089 790 3115 ,
835 3041 973 3104 iam
1018 3062 1225 3124 supra
1263 3038 1305 3124 1)
1353 3044 1639 3125 exposui
1658 3093 1672 3118 ‚
1722 3045 1928 3107 etiam
1959 3044 2123 3107 alibi
2154 3044 2381 3126 tetigit
2401 3043 2606 3126 Poly-

422 3157 604 3232 bius;
652 3167 722 3221 et
766 3158 836 3220 id
883 3159 1155 3240 quidem
1201 3160 1430 3222 verbis
1475 3157 1868 3223 Flaminini
1904 3160 2173 3223 XVIII.
2222 3180 2300 3239 37
2338 3165 2369 3236 ξ,
2412 3182 2433 3221 1
2451 3182 2605 3238 ——4‚

423 3270 752 3357 Scipionis·
796 3273 1075 3338 maioris·
1121 3275 1325 3338 XXI.
1377 3298 1415 3355 9
1465 3281 1495 3352 ἓ
1546 3296 1581 3354 5
1632 3297 1760 3358 sq„
1807 3276 2238 3339 Rhodiorum
2284 3276 2523 3339 XXII.
2552 3297 2606 3339 c,

426 3409 481 3452 e.
539 3394 577 3452 6
627 3395 657 3466 ἓ
709 3394 897 3454 2-6,
946 3428 1028 3437 —
1077 3391 1346 3455 Deinde
1394 3392 1801 3474 (XXXVII.
1851 3414 1907 3456 c.
1964 3392 2051 3474 lb)
2096 3392 2303 3455 fuisse
2350 3392 2446 3455 ait
2491 3392 2606 3473 qui

425 3506 559 3568 hoc
603 3506 863 3567 bellum
908 3506 1065 3569 ideo
1109 3506 1572 3588 improbarent
1588 3556 1603 3582 ,
1652 3509 1835 3589 quod
1879 3508 2154 3571 insidias
2201 3517 2271 3571 et
2301 3506 2606 3570 fraudem

428 3640 861 3702 quascunque
928 3620 1196 3684 nomine
1260 3622 1581 3685 Romano
1646 3623 1963 3705 indignas
2023 3644 2172 3686 esse
2235 3631 2605 3685 censerent.

386 3735 577 3798 .Hos
646 3746 875 3799 autem
942 3735 1333 3800 refutandos
1403 3739 1582 3801 ultro
1651 3738 1934 3820 suscipit
1950 3787 1963 3814 ,
2024 3758 2245 3820 neque
2308 3736 2605 3802 malitiae

431 3872 651 3934 neque
727 3851 977 3916 fraudis
1054 3854 1251 3935 argui
1318 3874 1520 3935 posse
1585 3854 1943 3918 Romanos
2009 3853 2413 3927 defendens;
2484 3854 2605 3916 sed

435 3967 639 4030 credo
658 4016 672 4042 ,
717 3969 968 4031 nemini
1013 3968 1136 4031 has
1181 3969 1485 4051 argutias
1528 3971 1864 4051 ‘probavit

518 4083 962 4166 IntegritatiS,
1046 4083 1310 4165 priscae
1387 4085 1859 4147 Romanorum
1935 4084 2198 4170 virtutis
2220 4130 2236 4160 ,
2307 4093 2378 4146 et
2442 4081 2604 4146 fidei

522 4325 564 4407 ¹)
603 4328 668 4384 P.
718 4327 824 4386 181
870 4332 999 4402 sq'q.

938 4430 945 4437 ’
2379 4432 2445 4484 17
