<?xml version="1.0" encoding="UTF-8"?>
<!DOCTYPE html PUBLIC "-//W3C//DTD XHTML 1.0 Transitional//EN"
    "http://www.w3.org/TR/xhtml1/DTD/xhtml1-transitional.dtd">
<html xmlns="http://www.w3.org/1999/xhtml" xml:lang="en" lang="en">
 <head>
  <title>
</title>
<meta http-equiv="Content-Type" content="text/html;charset=utf-8" />
  <meta name='ocr-system' content='tesseract 3.04.00' />
  <meta name='ocr-capabilities' content='ocr_page ocr_carea ocr_par ocr_line ocrx_word'/>
</head>
<body>
  <div class='ocr_page' id='page_1' title='image "./depolybiifontib00wetegoog_0170.png"; bbox 0 0 3375 5084; ppageno 0'>
   <div class='ocr_carea' id='block_1_1' title="bbox 1804 351 1923 424">
    <p class='ocr_par' dir='ltr' id='par_1_1' title="bbox 1804 351 1923 424">
     <span class='ocr_line' id='line_1_1' title="bbox 1804 351 1923 424; baseline 0.017 -16"><span class='ocrx_word' id='word_1_1' title='bbox 1804 351 1923 424; x_wconf 88' lang='lat'><strong>158</strong></span> 
     </span>
    </p>
   </div>
   <div class='ocr_carea' id='block_1_2' title="bbox 766 518 3018 3987">
    <p class='ocr_par' dir='ltr' id='par_1_2' title="bbox 766 518 3018 1783">
     <span class='ocr_line' id='line_1_2' title="bbox 771 518 2963 622; baseline -0.002 -19"><span class='ocrx_word' id='word_1_2' title='bbox 771 541 1041 604; x_wconf 91' lang='lat' dir='ltr'><strong>dibilius</strong></span> <span class='ocrx_word' id='word_1_3' title='bbox 1059 589 1073 614; x_wconf 92' lang='lat'><strong>,</strong></span> <span class='ocrx_word' id='word_1_4' title='bbox 1150 542 1311 622; x_wconf 89' lang='lat' dir='ltr'><strong>quin</strong></span> <span class='ocrx_word' id='word_1_5' title='bbox 1382 542 1589 605; x_wconf 93' lang='lat' dir='ltr'><strong>etiam</strong></span> <span class='ocrx_word' id='word_1_6' title='bbox 1661 542 1858 605; x_wconf 91' lang='lat' dir='ltr'><strong>unice</strong></span> <span class='ocrx_word' id='word_1_7' title='bbox 1927 560 2168 603; x_wconf 90' lang='lat' dir='ltr'><strong>verum</strong></span> <span class='ocrx_word' id='word_1_8' title='bbox 2236 518 2389 603; x_wconf 29' lang='lat' dir='ltr'><strong>esse*</strong></span> <span class='ocrx_word' id='word_1_9' title='bbox 2451 539 2734 602; x_wconf 91' lang='lat' dir='ltr'><strong>videtur.</strong></span> <span class='ocrx_word' id='word_1_10' title='bbox 2851 537 2963 598; x_wconf 91' lang='lat' dir='ltr'><strong>Eo</strong></span> 
     </span>
     <span class='ocr_line' id='line_1_3' title="bbox 770 656 2965 741; baseline -0.001 -21"><span class='ocrx_word' id='word_1_11' title='bbox 770 667 1078 739; x_wconf 91' lang='lat' dir='ltr'><strong>tempore</strong></span> <span class='ocrx_word' id='word_1_12' title='bbox 1155 678 1310 721; x_wconf 91' lang='lat' dir='ltr'><strong>cum</strong></span> <span class='ocrx_word' id='word_1_13' title='bbox 1384 657 1565 741; x_wconf 83' lang='lat' dir='ltr'>Agis</span> <span class='ocrx_word' id='word_1_14' title='bbox 1638 668 2027 732; x_wconf 78' lang='lat' dir='ltr'>necaretur,</span> <span class='ocrx_word' id='word_1_15' title='bbox 2100 656 2503 721; x_wconf 82' lang='lat' dir='ltr'><strong>Cleomenes</strong></span> <span class='ocrx_word' id='word_1_16' title='bbox 2571 676 2742 738; x_wconf 92' lang='lat' dir='ltr'><strong>puer</strong></span> <span class='ocrx_word' id='word_1_17' title='bbox 2812 663 2965 718; x_wconf 91' lang='lat' dir='ltr'><strong>erat</strong></span> 
     </span>
     <span class='ocr_line' id='line_1_4' title="bbox 771 755 2963 856; baseline -0.002 -20"><span class='ocrx_word' id='word_1_18' title='bbox 771 775 1064 837; x_wconf 90' lang='lat' dir='ltr'><strong>necdum</strong></span> <span class='ocrx_word' id='word_1_19' title='bbox 1123 775 1425 849; x_wconf 89' lang='lat' dir='ltr'><strong>adultus;</strong></span> <span class='ocrx_word' id='word_1_20' title='bbox 1472 784 1668 856; x_wconf 91' lang='lat' dir='ltr'><strong>pater</strong></span> <span class='ocrx_word' id='word_1_21' title='bbox 1714 775 1858 837; x_wconf 90' lang='lat' dir='ltr'><strong>eius</strong></span> <span class='ocrx_word' id='word_1_22' title='bbox 1903 773 2271 849; x_wconf 84' lang='lat' dir='ltr'><strong>LeonidaS,</strong></span> <span class='ocrx_word' id='word_1_23' title='bbox 2319 755 2473 837; x_wconf 81' lang='lat' dir='ltr'><strong>cum</strong></span> <span class='ocrx_word' id='word_1_24' title='bbox 2520 793 2603 835; x_wconf 94' lang='lat' dir='ltr'><strong>eo</strong></span> <span class='ocrx_word' id='word_1_25' title='bbox 2651 771 2963 853; x_wconf 90' lang='lat' dir='ltr'><strong>Ampha-</strong></span> 
     </span>
     <span class='ocr_line' id='line_1_5' title="bbox 766 888 2960 972; baseline -0.002 -21"><span class='ocrx_word' id='word_1_26' title='bbox 766 909 877 952; x_wconf 91' lang='lat' dir='ltr'><strong>res</strong></span> <span class='ocrx_word' id='word_1_27' title='bbox 946 899 1016 953; x_wconf 93' lang='lat' dir='ltr'><strong>et</strong></span> <span class='ocrx_word' id='word_1_28' title='bbox 1085 890 1326 972; x_wconf 90' lang='lat' dir='ltr'><strong>reliqui</strong></span> <span class='ocrx_word' id='word_1_29' title='bbox 1397 891 1633 971; x_wconf 91' lang='lat' dir='ltr'><strong>ephori</strong></span> <span class='ocrx_word' id='word_1_30' title='bbox 1650 938 1665 964; x_wconf 89' lang='lat'><strong>,</strong></span> <span class='ocrx_word' id='word_1_31' title='bbox 1728 889 1857 953; x_wconf 92' lang='lat' dir='ltr'><strong>soli</strong></span> <span class='ocrx_word' id='word_1_32' title='bbox 1923 889 2443 953; x_wconf 79' lang='lat' dir='ltr'><strong>Lacedaemone</strong></span> <span class='ocrx_word' id='word_1_33' title='bbox 2513 888 2960 969; x_wconf 83' lang='lat' dir='ltr'><strong>imperabant.</strong></span> 
     </span>
     <span class='ocr_line' id='line_1_6' title="bbox 770 1002 3018 1097; baseline -0.002 -30"><span class='ocrx_word' id='word_1_34' title='bbox 770 1002 910 1067; x_wconf 86' lang='lat' dir='ltr'><strong>Sed</strong></span> <span class='ocrx_word' id='word_1_35' title='bbox 970 1025 1226 1088; x_wconf 86' lang='lat' dir='ltr'><strong>magna</strong></span> <span class='ocrx_word' id='word_1_36' title='bbox 1286 1025 1444 1087; x_wconf 92' lang='lat' dir='ltr'><strong>pars</strong></span> <span class='ocrx_word' id='word_1_37' title='bbox 1501 1006 1740 1088; x_wconf 85' lang='lat' dir='ltr'><strong>populi</strong></span> <span class='ocrx_word' id='word_1_38' title='bbox 1783 1004 2088 1088; x_wconf 84' lang='lat' dir='ltr'><strong>Agidem</strong></span> <span class='ocrx_word' id='word_1_39' title='bbox 2134 1025 2374 1088; x_wconf 88' lang='lat' dir='ltr'><strong>regem</strong></span> <span class='ocrx_word' id='word_1_40' title='bbox 2420 1003 2756 1067; x_wconf 90' lang='lat' dir='ltr'><strong>desiderio</strong></span> <span class='ocrx_word' id='word_1_41' title='bbox 2802 1021 2960 1083; x_wconf 91' lang='lat' dir='ltr'><strong>pro·</strong></span> <span class='ocrx_word' id='word_1_42' title='bbox 3014 1096 3018 1097; x_wconf 7' lang='grc' dir='ltr'><em>γ</em></span> 
     </span>
     <span class='ocr_line' id='line_1_7' title="bbox 768 1121 2963 1206; baseline -0.002 -23"><span class='ocrx_word' id='word_1_43' title='bbox 768 1121 1181 1202; x_wconf 69' lang='lat' dir='ltr'><strong>sequebatur</strong></span> <span class='ocrx_word' id='word_1_44' title='bbox 1197 1170 1211 1196; x_wconf 99' lang='lat'><strong>,</strong></span> <span class='ocrx_word' id='word_1_45' title='bbox 1282 1122 1390 1185; x_wconf 90' lang='lat' dir='ltr'><strong>cui</strong></span> <span class='ocrx_word' id='word_1_46' title='bbox 1458 1123 1637 1185; x_wconf 87' lang='lat' dir='ltr'><strong>ultor</strong></span> <span class='ocrx_word' id='word_1_47' title='bbox 1707 1122 2054 1206; x_wconf 83' lang='lat' dir='ltr'><strong>legitimus</strong></span> <span class='ocrx_word' id='word_1_48' title='bbox 2116 1143 2253 1185; x_wconf 93' lang='lat' dir='ltr'><strong>non</strong></span> <span class='ocrx_word' id='word_1_49' title='bbox 2314 1122 2486 1184; x_wconf 90' lang='lat' dir='ltr'><strong>alius</strong></span> <span class='ocrx_word' id='word_1_50' title='bbox 2550 1129 2695 1183; x_wconf 91' lang='lat' dir='ltr'><strong>erat</strong></span> <span class='ocrx_word' id='word_1_51' title='bbox 2753 1137 2963 1199; x_wconf 91' lang='lat' dir='ltr'><strong>quam</strong></span> 
     </span>
     <span class='ocr_line' id='line_1_8' title="bbox 772 1234 2964 1320; baseline -0.002 -21"><span class='ocrx_word' id='word_1_52' title='bbox 772 1235 975 1299; x_wconf 85' lang='lat' dir='ltr'><strong>frater</strong></span> <span class='ocrx_word' id='word_1_53' title='bbox 1064 1236 1562 1312; x_wconf 91' lang='lat' dir='ltr'><strong>Archidamus;</strong></span> <span class='ocrx_word' id='word_1_54' title='bbox 1647 1239 1877 1320; x_wconf 93' lang='lat' dir='ltr'><strong>itaque</strong></span> <span class='ocrx_word' id='word_1_55' title='bbox 1952 1239 2120 1301; x_wconf 90' lang='lat' dir='ltr'><strong>nihil</strong></span> <span class='ocrx_word' id='word_1_56' title='bbox 2198 1237 2537 1319; x_wconf 90' lang='lat' dir='ltr'><strong>antiquius</strong></span> <span class='ocrx_word' id='word_1_57' title='bbox 2610 1234 2964 1297; x_wconf 92' lang='lat' dir='ltr'><strong>habebant</strong></span> 
     </span>
     <span class='ocr_line' id='line_1_9' title="bbox 772 1348 2961 1436; baseline -0.002 -21"><span class='ocrx_word' id='word_1_58' title='bbox 772 1353 1009 1434; x_wconf 77' lang='lat' dir='ltr'><strong>ephori</strong></span> <span class='ocrx_word' id='word_1_59' title='bbox 1025 1402 1039 1428; x_wconf 98' lang='lat'><strong>,</strong></span> <span class='ocrx_word' id='word_1_60' title='bbox 1102 1374 1308 1435; x_wconf 92' lang='lat' dir='ltr'><strong>quam</strong></span> <span class='ocrx_word' id='word_1_61' title='bbox 1363 1363 1441 1417; x_wconf 93' lang='lat' dir='ltr'><strong>ut</strong></span> <span class='ocrx_word' id='word_1_62' title='bbox 1484 1355 1665 1418; x_wconf 93' lang='lat' dir='ltr'><strong>hunc</strong></span> <span class='ocrx_word' id='word_1_63' title='bbox 1710 1355 2198 1436; x_wconf 92' lang='lat' dir='ltr'><strong>intercipiendo</strong></span> <span class='ocrx_word' id='word_1_64' title='bbox 2244 1353 2722 1436; x_wconf 92' lang='lat' dir='ltr'><strong>praevenirent</strong></span> <span class='ocrx_word' id='word_1_65' title='bbox 2742 1399 2756 1425; x_wconf 99' lang='lat'><strong>,</strong></span> <span class='ocrx_word' id='word_1_66' title='bbox 2804 1348 2961 1413; x_wconf 93' lang='lat' dir='ltr'><strong>Cle-</strong></span> 
     </span>
     <span class='ocr_line' id='line_1_10' title="bbox 768 1462 2961 1553; baseline -0.001 -23"><span class='ocrx_word' id='word_1_67' title='bbox 768 1469 993 1531; x_wconf 83' lang='lat' dir='ltr'><strong>omeni</strong></span> <span class='ocrx_word' id='word_1_68' title='bbox 1036 1470 1170 1532; x_wconf 93' lang='lat' dir='ltr'><strong>hoc</strong></span> <span class='ocrx_word' id='word_1_69' title='bbox 1214 1469 1384 1532; x_wconf 94' lang='lat' dir='ltr'><strong>nulli</strong></span> <span class='ocrx_word' id='word_1_70' title='bbox 1429 1490 1636 1533; x_wconf 93' lang='lat' dir='ltr'><strong>curae</strong></span> <span class='ocrx_word' id='word_1_71' title='bbox 1683 1480 1846 1533; x_wconf 92' lang='lat' dir='ltr'><strong>erat.</strong></span> <span class='ocrx_word' id='word_1_72' title='bbox 1940 1469 2143 1553; x_wconf 78' lang='lat' dir='ltr'><strong>Quod</strong></span> <span class='ocrx_word' id='word_1_73' title='bbox 2189 1462 2287 1533; x_wconf 63' lang='lat' dir='ltr'><strong>eo&#39;</strong></span> <span class='ocrx_word' id='word_1_74' title='bbox 2319 1470 2540 1552; x_wconf 84' lang='lat' dir='ltr'><strong>magis</strong></span> <span class='ocrx_word' id='word_1_75' title='bbox 2585 1466 2961 1532; x_wconf 91' lang='lat' dir='ltr'><strong>tenendum</strong></span> 
     </span>
     <span class='ocr_line' id='line_1_11' title="bbox 772 1581 2964 1667; baseline -0.002 -21"><span class='ocrx_word' id='word_1_76' title='bbox 772 1593 874 1647; x_wconf 78' lang='lat' dir='ltr'><strong>est</strong></span> <span class='ocrx_word' id='word_1_77' title='bbox 889 1631 903 1658; x_wconf 94' lang='lat'><strong>,</strong></span> <span class='ocrx_word' id='word_1_78' title='bbox 982 1584 1301 1666; x_wconf 92' lang='lat' dir='ltr'><strong>quoniam</strong></span> <span class='ocrx_word' id='word_1_79' title='bbox 1378 1586 1702 1649; x_wconf 86' lang='lat' dir='ltr'><strong>cohaeret</strong></span> <span class='ocrx_word' id='word_1_80' title='bbox 1778 1607 1933 1649; x_wconf 92' lang='lat' dir='ltr'><strong>cum</strong></span> <span class='ocrx_word' id='word_1_81' title='bbox 2011 1587 2227 1649; x_wconf 92' lang='lat' dir='ltr'><strong>altera</strong></span> <span class='ocrx_word' id='word_1_82' title='bbox 2301 1585 2699 1667; x_wconf 88' lang='lat' dir='ltr'><strong>quaestione</strong></span> <span class='ocrx_word' id='word_1_83' title='bbox 2718 1632 2732 1658; x_wconf 99' lang='lat'><strong>,</strong></span> <span class='ocrx_word' id='word_1_84' title='bbox 2809 1581 2964 1662; x_wconf 90' lang='lat' dir='ltr'><strong>quis</strong></span> 
     </span>
     <span class='ocr_line' id='line_1_12' title="bbox 772 1698 2961 1783; baseline -0.001 -21"><span class='ocrx_word' id='word_1_85' title='bbox 772 1698 1260 1763; x_wconf 83' lang='lat' dir='ltr'><strong>Archidamum</strong></span> <span class='ocrx_word' id='word_1_86' title='bbox 1306 1699 1625 1783; x_wconf 88' lang='lat' dir='ltr'><strong>Spartam</strong></span> <span class='ocrx_word' id='word_1_87' title='bbox 1655 1721 2008 1764; x_wconf 92' lang='lat' dir='ltr'><strong>reversum</strong></span> <span class='ocrx_word' id='word_1_88' title='bbox 2039 1699 2578 1764; x_wconf 86' lang='lat' dir='ltr'><strong>interficiendum</strong></span> <span class='ocrx_word' id='word_1_89' title='bbox 2603 1698 2961 1762; x_wconf 87' lang='lat' dir='ltr'><strong>curaverit.</strong></span> 
     </span>
    </p>

    <p class='ocr_par' dir='ltr' id='par_1_3' title="bbox 772 1814 2974 3987">
     <span class='ocr_line' id='line_1_13' title="bbox 857 1814 2963 1900; baseline -0.001 -23"><span class='ocrx_word' id='word_1_90' title='bbox 857 1815 941 1878; x_wconf 89' lang='lat' dir='ltr'><strong>H.</strong></span> <span class='ocrx_word' id='word_1_91' title='bbox 1012 1815 1345 1898; x_wconf 90' lang='lat' dir='ltr'><strong>Polybius</strong></span> <span class='ocrx_word' id='word_1_92' title='bbox 1390 1818 1570 1879; x_wconf 92' lang='lat' dir='ltr'><strong>enim</strong></span> <span class='ocrx_word' id='word_1_93' title='bbox 1616 1818 1822 1880; x_wconf 91' lang='lat' dir='ltr'><strong>tradit</strong></span> <span class='ocrx_word' id='word_1_94' title='bbox 1865 1814 1933 1900; x_wconf 87' lang='lat'><strong>¹),</strong></span> <span class='ocrx_word' id='word_1_95' title='bbox 1980 1817 2474 1881; x_wconf 90' lang='lat' dir='ltr'><strong>Archidamum</strong></span> <span class='ocrx_word' id='word_1_96' title='bbox 2519 1816 2755 1898; x_wconf 93' lang='lat' dir='ltr'><strong>paullo</strong></span> <span class='ocrx_word' id='word_1_97' title='bbox 2801 1823 2963 1895; x_wconf 92' lang='lat' dir='ltr'><strong>post</strong></span> 
     </span>
     <span class='ocr_line' id='line_1_14' title="bbox 772 1930 2964 2015; baseline -0.001 -21"><span class='ocrx_word' id='word_1_98' title='bbox 772 1931 1030 2014; x_wconf 86' lang='lat' dir='ltr'><strong>patriae</strong></span> <span class='ocrx_word' id='word_1_99' title='bbox 1092 1933 1493 1996; x_wconf 87' lang='lat' dir='ltr'><strong>revisendae</strong></span> <span class='ocrx_word' id='word_1_100' title='bbox 1554 1934 1875 2015; x_wconf 91' lang='lat' dir='ltr'><strong>cupidum</strong></span> <span class='ocrx_word' id='word_1_101' title='bbox 1894 1982 1908 2009; x_wconf 93' lang='lat'>‚</span> <span class='ocrx_word' id='word_1_102' title='bbox 1968 1954 2011 1996; x_wconf 94' lang='lat' dir='ltr'><strong>a</strong></span> <span class='ocrx_word' id='word_1_103' title='bbox 2058 1933 2424 1998; x_wconf 92' lang='lat' dir='ltr'><strong>Cleomene</strong></span> <span class='ocrx_word' id='word_1_104' title='bbox 2470 1932 2744 1995; x_wconf 93' lang='lat' dir='ltr'><strong>veniam</strong></span> <span class='ocrx_word' id='word_1_105' title='bbox 2789 1930 2964 2012; x_wconf 90' lang='lat' dir='ltr'><strong>peti-</strong></span> 
     </span>
     <span class='ocr_line' id='line_1_15' title="bbox 774 2025 2966 2131; baseline -0.001 -22"><span class='ocrx_word' id='word_1_106' title='bbox 774 2047 948 2110; x_wconf 83' lang='lat' dir='ltr'><strong>visse</strong></span> <span class='ocrx_word' id='word_1_107' title='bbox 1015 2025 1092 2111; x_wconf 80' lang='lat' dir='ltr'><strong>ut</strong></span> <span class='ocrx_word' id='word_1_108' title='bbox 1159 2046 1479 2130; x_wconf 87' lang='lat' dir='ltr'><strong>Spartam</strong></span> <span class='ocrx_word' id='word_1_109' title='bbox 1543 2050 1794 2113; x_wconf 91' lang='lat' dir='ltr'><strong>rediret</strong></span> <span class='ocrx_word' id='word_1_110' title='bbox 1811 2098 1826 2124; x_wconf 89' lang='lat'><strong>,</strong></span> <span class='ocrx_word' id='word_1_111' title='bbox 1889 2070 2179 2131; x_wconf 93' lang='lat' dir='ltr'><strong>eumque</strong></span> <span class='ocrx_word' id='word_1_112' title='bbox 2236 2050 2442 2118; x_wconf 90' lang='lat' dir='ltr'><strong>stulte</strong></span> <span class='ocrx_word' id='word_1_113' title='bbox 2489 2049 2636 2111; x_wconf 91' lang='lat' dir='ltr'><strong>eius</strong></span> <span class='ocrx_word' id='word_1_114' title='bbox 2680 2045 2840 2109; x_wconf 92' lang='lat' dir='ltr'><strong>fidei</strong></span> <span class='ocrx_word' id='word_1_115' title='bbox 2888 2066 2966 2107; x_wconf 89' lang='lat' dir='ltr'><strong>se</strong></span> 
     </span>
     <span class='ocr_line' id='line_1_16' title="bbox 772 2163 2969 2246; baseline -0.001 -21"><span class='ocrx_word' id='word_1_116' title='bbox 772 2163 1136 2226; x_wconf 78' lang='lat' dir='ltr'><strong>credidisse</strong></span> <span class='ocrx_word' id='word_1_117' title='bbox 1153 2212 1167 2239; x_wconf 94' lang='lat'><strong>,</strong></span> <span class='ocrx_word' id='word_1_118' title='bbox 1215 2184 1420 2245; x_wconf 92' lang='lat' dir='ltr'><strong>quem</strong></span> <span class='ocrx_word' id='word_1_119' title='bbox 1462 2165 1697 2246; x_wconf 94' lang='lat' dir='ltr'><strong>paullo</strong></span> <span class='ocrx_word' id='word_1_120' title='bbox 1744 2175 1902 2229; x_wconf 93' lang='lat' dir='ltr'><strong>ante</strong></span> <span class='ocrx_word' id='word_1_121' title='bbox 1947 2165 2480 2228; x_wconf 89' lang='lat' dir='ltr'><strong>inimicissimum</strong></span> <span class='ocrx_word' id='word_1_122' title='bbox 2524 2174 2713 2228; x_wconf 92' lang='lat' dir='ltr'><strong>recte</strong></span> <span class='ocrx_word' id='word_1_123' title='bbox 2750 2164 2969 2225; x_wconf 93' lang='lat' dir='ltr'><strong>habu-</strong></span> 
     </span>
     <span class='ocr_line' id='line_1_17' title="bbox 772 2279 2967 2363; baseline -0.001 -21"><span class='ocrx_word' id='word_1_124' title='bbox 772 2288 918 2342; x_wconf 77' lang='lat' dir='ltr'><strong>erat</strong></span> <span class='ocrx_word' id='word_1_125' title='bbox 956 2279 1017 2360; x_wconf 79' lang='lat'><strong>²).</strong></span> <span class='ocrx_word' id='word_1_126' title='bbox 1108 2279 1487 2363; x_wconf 86' lang='lat' dir='ltr'><strong>Nicagoras</strong></span> <span class='ocrx_word' id='word_1_127' title='bbox 1551 2281 1730 2343; x_wconf 91' lang='lat' dir='ltr'><strong>enim</strong></span> <span class='ocrx_word' id='word_1_128' title='bbox 1776 2281 2049 2363; x_wconf 92' lang='lat' dir='ltr'><strong>quidam</strong></span> <span class='ocrx_word' id='word_1_129' title='bbox 2095 2281 2476 2344; x_wconf 86' lang='lat' dir='ltr'><strong>Messenius</strong></span> <span class='ocrx_word' id='word_1_130' title='bbox 2494 2329 2508 2355; x_wconf 94' lang='lat'><strong>,</strong></span> <span class='ocrx_word' id='word_1_131' title='bbox 2557 2281 2674 2362; x_wconf 92' lang='lat' dir='ltr'><strong>qui</strong></span> <span class='ocrx_word' id='word_1_132' title='bbox 2721 2280 2967 2342; x_wconf 88' lang='lat' dir='ltr'><strong>domus</strong></span> 
     </span>
     <span class='ocr_line' id='line_1_18' title="bbox 772 2395 2960 2476; baseline -0.001 -18"><span class='ocrx_word' id='word_1_133' title='bbox 772 2415 932 2458; x_wconf 70' lang='lat' dir='ltr'><strong>suae</strong></span> <span class='ocrx_word' id='word_1_134' title='bbox 994 2405 1065 2458; x_wconf 93' lang='lat' dir='ltr'><strong>et</strong></span> <span class='ocrx_word' id='word_1_135' title='bbox 1126 2396 1425 2459; x_wconf 91' lang='lat' dir='ltr'><strong>omnium</strong></span> <span class='ocrx_word' id='word_1_136' title='bbox 1481 2397 1814 2458; x_wconf 91' lang='lat' dir='ltr'><strong>bonorum</strong></span> <span class='ocrx_word' id='word_1_137' title='bbox 1860 2397 2219 2459; x_wconf 90' lang='lat' dir='ltr'><strong>Messenae</strong></span> <span class='ocrx_word' id='word_1_138' title='bbox 2265 2395 2760 2460; x_wconf 90' lang='lat' dir='ltr'><strong>Archidamum</strong></span> <span class='ocrx_word' id='word_1_139' title='bbox 2804 2414 2960 2476; x_wconf 92' lang='lat' dir='ltr'><strong>par-</strong></span> 
     </span>
     <span class='ocr_line' id='line_1_19' title="bbox 776 2509 2968 2594; baseline -0.001 -20"><span class='ocrx_word' id='word_1_140' title='bbox 776 2511 1047 2593; x_wconf 74' lang='lat' dir='ltr'><strong>ticipem</strong></span> <span class='ocrx_word' id='word_1_141' title='bbox 1091 2509 1380 2586; x_wconf 86' lang='lat' dir='ltr'><strong>fecerat,</strong></span> <span class='ocrx_word' id='word_1_142' title='bbox 1426 2531 1551 2593; x_wconf 90' lang='lat' dir='ltr'><strong>pro</strong></span> <span class='ocrx_word' id='word_1_143' title='bbox 1597 2513 1868 2594; x_wconf 93' lang='lat' dir='ltr'><strong>hospite</strong></span> <span class='ocrx_word' id='word_1_144' title='bbox 1915 2533 2040 2576; x_wconf 90' lang='lat' dir='ltr'><strong>suo</strong></span> <span class='ocrx_word' id='word_1_145' title='bbox 2088 2534 2243 2577; x_wconf 92' lang='lat' dir='ltr'><strong>cum</strong></span> <span class='ocrx_word' id='word_1_146' title='bbox 2289 2513 2661 2576; x_wconf 88' lang='lat' dir='ltr'><strong>Cleomene</strong></span> <span class='ocrx_word' id='word_1_147' title='bbox 2710 2512 2857 2594; x_wconf 86' lang='lat' dir='ltr'><strong>egit</strong></span> <span class='ocrx_word' id='word_1_148' title='bbox 2893 2520 2968 2572; x_wconf 91' lang='lat' dir='ltr'><strong>et</strong></span> 
     </span>
     <span class='ocr_line' id='line_1_20' title="bbox 776 2626 2973 2709; baseline 0 -22"><span class='ocrx_word' id='word_1_149' title='bbox 776 2627 1041 2688; x_wconf 82' lang='lat' dir='ltr'><strong>veniam</strong></span> <span class='ocrx_word' id='word_1_150' title='bbox 1086 2627 1414 2690; x_wconf 91' lang='lat' dir='ltr'><strong>redeundi</strong></span> <span class='ocrx_word' id='word_1_151' title='bbox 1444 2627 1850 2708; x_wconf 88' lang='lat' dir='ltr'><strong>impetravit.</strong></span> <span class='ocrx_word' id='word_1_152' title='bbox 1910 2626 2402 2691; x_wconf 83' lang='lat' dir='ltr'><strong>Archidamum</strong></span> <span class='ocrx_word' id='word_1_153' title='bbox 2434 2648 2590 2691; x_wconf 93' lang='lat' dir='ltr'><strong>cum</strong></span> <span class='ocrx_word' id='word_1_154' title='bbox 2613 2627 2786 2690; x_wconf 91' lang='lat' dir='ltr'><strong>Nica</strong></span> <span class='ocrx_word' id='word_1_155' title='bbox 2792 2645 2973 2709; x_wconf 86' lang='lat' dir='ltr'><strong>gora</strong></span> 
     </span>
     <span class='ocr_line' id='line_1_21' title="bbox 776 2740 2966 2825; baseline -0.001 -19"><span class='ocrx_word' id='word_1_156' title='bbox 776 2740 1091 2824; x_wconf 84' lang='lat' dir='ltr'><strong>Spartam</strong></span> <span class='ocrx_word' id='word_1_157' title='bbox 1150 2763 1498 2806; x_wconf 91' lang='lat' dir='ltr'><strong>reversum</strong></span> <span class='ocrx_word' id='word_1_158' title='bbox 1544 2745 1773 2807; x_wconf 92' lang='lat' dir='ltr'><strong>statim</strong></span> <span class='ocrx_word' id='word_1_159' title='bbox 1820 2743 2225 2808; x_wconf 89' lang='lat' dir='ltr'><strong>Cleomenes</strong></span> <span class='ocrx_word' id='word_1_160' title='bbox 2268 2743 2584 2808; x_wconf 86' lang='lat' dir='ltr'><strong>interficit</strong></span> <span class='ocrx_word' id='word_1_161' title='bbox 2600 2793 2615 2819; x_wconf 90' lang='lat'><strong>,</strong></span> <span class='ocrx_word' id='word_1_162' title='bbox 2661 2744 2966 2825; x_wconf 86' lang='lat' dir='ltr'><strong>Nicago-</strong></span> 
     </span>
     <span class='ocr_line' id='line_1_22' title="bbox 772 2859 2967 2943; baseline -0 -21"><span class='ocrx_word' id='word_1_163' title='bbox 772 2879 887 2922; x_wconf 88' lang='lat' dir='ltr'><strong>rae</strong></span> <span class='ocrx_word' id='word_1_164' title='bbox 932 2860 1168 2941; x_wconf 89' lang='lat' dir='ltr'><strong>parcit.</strong></span> <span class='ocrx_word' id='word_1_165' title='bbox 1236 2859 1458 2922; x_wconf 90' lang='lat' dir='ltr'><strong>Huius</strong></span> <span class='ocrx_word' id='word_1_166' title='bbox 1502 2859 1829 2942; x_wconf 86' lang='lat' dir='ltr'><strong>perfidiae</strong></span> <span class='ocrx_word' id='word_1_167' title='bbox 1875 2861 2105 2925; x_wconf 88' lang='lat' dir='ltr'><strong>multis</strong></span> <span class='ocrx_word' id='word_1_168' title='bbox 2141 2862 2330 2924; x_wconf 90' lang='lat' dir='ltr'><strong>annis</strong></span> <span class='ocrx_word' id='word_1_169' title='bbox 2363 2872 2522 2943; x_wconf 90' lang='lat' dir='ltr'><strong>post</strong></span> <span class='ocrx_word' id='word_1_170' title='bbox 2553 2861 2967 2924; x_wconf 89' lang='lat' dir='ltr'><strong>Cleomenes</strong></span> 
     </span>
     <span class='ocr_line' id='line_1_23' title="bbox 772 2975 2972 3059; baseline 0 -23"><span class='ocrx_word' id='word_1_171' title='bbox 772 2993 1028 3055; x_wconf 90' lang='lat' dir='ltr'><strong>poenas</strong></span> <span class='ocrx_word' id='word_1_172' title='bbox 1073 2975 1279 3038; x_wconf 85' lang='lat' dir='ltr'><strong>dedit.</strong></span> <span class='ocrx_word' id='word_1_173' title='bbox 1369 2975 1751 3059; x_wconf 86' lang='lat' dir='ltr'><strong>Nicagoras</strong></span> <span class='ocrx_word' id='word_1_174' title='bbox 1797 2977 1976 3039; x_wconf 89' lang='lat' dir='ltr'><strong>enim</strong></span> <span class='ocrx_word' id='word_1_175' title='bbox 1992 2998 2030 3050; x_wconf 52' lang='lat'><strong>,⁴</strong></span> <span class='ocrx_word' id='word_1_176' title='bbox 2057 2978 2487 3040; x_wconf 88' lang='lat' dir='ltr'><strong>simulatione</strong></span> <span class='ocrx_word' id='word_1_177' title='bbox 2534 2977 2718 3059; x_wconf 82' lang='lat' dir='ltr'><strong>grati</strong></span> <span class='ocrx_word' id='word_1_178' title='bbox 2758 2975 2972 3050; x_wconf 82' lang='lat' dir='ltr'><strong>animi</strong></span> 
     </span>
     <span class='ocr_line' id='line_1_24' title="bbox 776 3091 2972 3176; baseline 0.001 -24"><span class='ocrx_word' id='word_1_179' title='bbox 776 3100 845 3152; x_wconf 83' lang='lat' dir='ltr'><strong>et</strong></span> <span class='ocrx_word' id='word_1_180' title='bbox 913 3091 1249 3154; x_wconf 89' lang='lat' dir='ltr'><strong>amicitiae</strong></span> <span class='ocrx_word' id='word_1_181' title='bbox 1264 3138 1281 3165; x_wconf 93' lang='lat'><em>‚</em></span> <span class='ocrx_word' id='word_1_182' title='bbox 1351 3112 1507 3155; x_wconf 88' lang='lat' dir='ltr'><strong>cum</strong></span> <span class='ocrx_word' id='word_1_183' title='bbox 1569 3091 2009 3156; x_wconf 92' lang='lat' dir='ltr'><strong>Cleomenem</strong></span> <span class='ocrx_word' id='word_1_184' title='bbox 2067 3094 2137 3156; x_wconf 93' lang='lat' dir='ltr'><strong>in</strong></span> <span class='ocrx_word' id='word_1_185' title='bbox 2195 3094 2532 3176; x_wconf 80' lang='lat' dir='ltr'><strong>Aegypto</strong></span> <span class='ocrx_word' id='word_1_186' title='bbox 2593 3095 2684 3156; x_wconf 92' lang='lat' dir='ltr'><strong>ad</strong></span> <span class='ocrx_word' id='word_1_187' title='bbox 2739 3093 2972 3155; x_wconf 88' lang='lat' dir='ltr'><strong>aulam</strong></span> 
     </span>
     <span class='ocr_line' id='line_1_25' title="bbox 784 3205 2972 3283; baseline 0.001 -15"><span class='ocrx_word' id='word_1_188' title='bbox 784 3205 1158 3269; x_wconf 84' lang='lat' dir='ltr'><strong>Ptolemaei</strong></span> <span class='ocrx_word' id='word_1_189' title='bbox 1205 3209 1623 3282; x_wconf 91' lang='lat' dir='ltr'><strong>conveniret,</strong></span> <span class='ocrx_word' id='word_1_190' title='bbox 1668 3209 1740 3270; x_wconf 94' lang='lat' dir='ltr'><strong>in</strong></span> <span class='ocrx_word' id='word_1_191' title='bbox 1783 3206 1990 3272; x_wconf 92' lang='lat' dir='ltr'><strong>fidem</strong></span> <span class='ocrx_word' id='word_1_192' title='bbox 2024 3210 2168 3272; x_wconf 93' lang='lat' dir='ltr'><strong>eius</strong></span> <span class='ocrx_word' id='word_1_193' title='bbox 2198 3231 2274 3273; x_wconf 91' lang='lat' dir='ltr'><strong>se</strong></span> <span class='ocrx_word' id='word_1_194' title='bbox 2304 3210 2692 3283; x_wconf 87' lang='lat' dir='ltr'><strong>insinuavit,</strong></span> <span class='ocrx_word' id='word_1_195' title='bbox 2720 3208 2972 3271; x_wconf 90' lang='lat' dir='ltr'><strong>deinde</strong></span> 
     </span>
     <span class='ocr_line' id='line_1_26' title="bbox 776 3317 2967 3408; baseline 0.001 -25"><span class='ocrx_word' id='word_1_196' title='bbox 776 3318 1046 3384; x_wconf 83' lang='lat' dir='ltr'><strong>Sosibio</strong></span> <span class='ocrx_word' id='word_1_197' title='bbox 1090 3322 1404 3403; x_wconf 87' lang='lat' dir='ltr'><strong>prodidit.</strong></span> <span class='ocrx_word' id='word_1_198' title='bbox 1454 3359 1536 3367; x_wconf 92' lang='lat'>—</span> <span class='ocrx_word' id='word_1_199' title='bbox 1584 3322 2013 3405; x_wconf 90' lang='lat' dir='ltr'><strong>Phylarchus</strong></span> <span class='ocrx_word' id='word_1_200' title='bbox 2044 3334 2272 3388; x_wconf 92' lang='lat' dir='ltr'><strong>autem</strong></span> <span class='ocrx_word' id='word_1_201' title='bbox 2304 3317 2392 3388; x_wconf 91' lang='lat' dir='ltr'><strong>de</strong></span> <span class='ocrx_word' id='word_1_202' title='bbox 2415 3327 2548 3389; x_wconf 94' lang='lat' dir='ltr'><strong>hac</strong></span> <span class='ocrx_word' id='word_1_203' title='bbox 2570 3324 2967 3408; x_wconf 87' lang='lat' dir='ltr'><strong>Nicagorae</strong></span> 
     </span>
     <span class='ocr_line' id='line_1_27' title="bbox 779 3437 2972 3520; baseline 0.001 -21"><span class='ocrx_word' id='word_1_204' title='bbox 779 3437 1159 3518; x_wconf 90' lang='lat' dir='ltr'><strong>proditione</strong></span> <span class='ocrx_word' id='word_1_205' title='bbox 1219 3438 1402 3501; x_wconf 92' lang='lat' dir='ltr'><strong>idem</strong></span> <span class='ocrx_word' id='word_1_206' title='bbox 1460 3437 1603 3501; x_wconf 90' lang='lat' dir='ltr'><strong>fere</strong></span> <span class='ocrx_word' id='word_1_207' title='bbox 1664 3440 1933 3520; x_wconf 89' lang='lat' dir='ltr'><strong>scripsit</strong></span> <span class='ocrx_word' id='word_1_208' title='bbox 1948 3489 1963 3514; x_wconf 96' lang='lat'><strong>,</strong></span> <span class='ocrx_word' id='word_1_209' title='bbox 2010 3442 2134 3503; x_wconf 93' lang='lat' dir='ltr'><strong>sed</strong></span> <span class='ocrx_word' id='word_1_210' title='bbox 2179 3441 2326 3504; x_wconf 91' lang='lat' dir='ltr'><strong>eius</strong></span> <span class='ocrx_word' id='word_1_211' title='bbox 2373 3442 2514 3503; x_wconf 91' lang='lat' dir='ltr'><strong>odii</strong></span> <span class='ocrx_word' id='word_1_212' title='bbox 2559 3441 2768 3502; x_wconf 90' lang='lat' dir='ltr'><strong>aliam</strong></span> <span class='ocrx_word' id='word_1_213' title='bbox 2814 3461 2972 3503; x_wconf 91' lang='lat' dir='ltr'><strong>cau-</strong></span> 
     </span>
     <span class='ocr_line' id='line_1_28' title="bbox 780 3551 2974 3636; baseline 0.001 -22"><span class='ocrx_word' id='word_1_214' title='bbox 780 3572 924 3614; x_wconf 82' lang='lat' dir='ltr'><strong>sam</strong></span> <span class='ocrx_word' id='word_1_215' title='bbox 997 3551 1206 3615; x_wconf 86' lang='lat' dir='ltr'><strong>fuisse</strong></span> <span class='ocrx_word' id='word_1_216' title='bbox 1223 3600 1238 3626; x_wconf 90' lang='lat'><strong>,</strong></span> <span class='ocrx_word' id='word_1_217' title='bbox 1313 3553 1605 3635; x_wconf 89' lang='lat' dir='ltr'><strong>pretium</strong></span> <span class='ocrx_word' id='word_1_218' title='bbox 1688 3555 1951 3636; x_wconf 88' lang='lat' dir='ltr'><strong>praedii</strong></span> <span class='ocrx_word' id='word_1_219' title='bbox 2016 3576 2155 3618; x_wconf 91' lang='lat' dir='ltr'><strong>non</strong></span> <span class='ocrx_word' id='word_1_220' title='bbox 2222 3556 2522 3619; x_wconf 89' lang='lat' dir='ltr'><strong>solutum</strong></span> <span class='ocrx_word' id='word_1_221' title='bbox 2576 3557 2661 3636; x_wconf 83' lang='lat'><strong>³);</strong></span> <span class='ocrx_word' id='word_1_222' title='bbox 2733 3566 2974 3620; x_wconf 87' lang='lat' dir='ltr'><strong>contra</strong></span> 
     </span>
     <span class='ocr_line' id='line_1_29' title="bbox 776 3668 2970 3754; baseline 0.002 -23"><span class='ocrx_word' id='word_1_223' title='bbox 776 3668 1265 3732; x_wconf 87' lang='lat' dir='ltr'><strong>Archidamum</strong></span> <span class='ocrx_word' id='word_1_224' title='bbox 1323 3671 1412 3731; x_wconf 95' lang='lat' dir='ltr'><strong>ab</strong></span> <span class='ocrx_word' id='word_1_225' title='bbox 1481 3669 1630 3750; x_wconf 89' lang='lat' dir='ltr'><strong>ipso</strong></span> <span class='ocrx_word' id='word_1_226' title='bbox 1694 3670 2062 3734; x_wconf 89' lang='lat' dir='ltr'><strong>Cleomene</strong></span> <span class='ocrx_word' id='word_1_227' title='bbox 2113 3672 2184 3734; x_wconf 90' lang='lat' dir='ltr'><strong>in</strong></span> <span class='ocrx_word' id='word_1_228' title='bbox 2227 3673 2520 3754; x_wconf 85' lang='lat' dir='ltr'><strong>patriam</strong></span> <span class='ocrx_word' id='word_1_229' title='bbox 2565 3684 2970 3736; x_wconf 82' lang='lat' dir='ltr'><strong>revocatum</strong></span> 
     </span>
     <span class='ocr_line' id='line_1_30' title="bbox 776 3785 2964 3870; baseline 0.003 -24"><span class='ocrx_word' id='word_1_230' title='bbox 776 3805 952 3858; x_wconf 77' lang='lat' dir='ltr'><strong>esse,</strong></span> <span class='ocrx_word' id='word_1_231' title='bbox 1001 3785 1116 3867; x_wconf 87' lang='lat' dir='ltr'><strong>qui</strong></span> <span class='ocrx_word' id='word_1_232' title='bbox 1160 3805 1451 3868; x_wconf 88' lang='lat' dir='ltr'><strong>regnum</strong></span> <span class='ocrx_word' id='word_1_233' title='bbox 1496 3787 1756 3867; x_wconf 82' lang='lat' dir='ltr'><strong>duplex</strong></span> <span class='ocrx_word' id='word_1_234' title='bbox 1800 3788 2139 3870; x_wconf 82' lang='lat' dir='ltr'><strong>integrum</strong></span> <span class='ocrx_word' id='word_1_235' title='bbox 2183 3789 2543 3852; x_wconf 87' lang='lat' dir='ltr'><strong>restituere</strong></span> <span class='ocrx_word' id='word_1_236' title='bbox 2586 3790 2934 3852; x_wconf 86' lang='lat' dir='ltr'><strong>statuisset</strong></span> <span class='ocrx_word' id='word_1_237' title='bbox 2949 3838 2964 3862; x_wconf 94' lang='lat'><strong>,</strong></span> 
     </span>
     <span class='ocr_line' id='line_1_31' title="bbox 776 3891 2964 3987; baseline 0.001 -24"><span class='ocrx_word' id='word_1_238' title='bbox 776 3911 848 3964; x_wconf 90' lang='lat' dir='ltr'><strong>ut</strong></span> <span class='ocrx_word' id='word_1_239' title='bbox 917 3903 1327 3983; x_wconf 89' lang='lat' dir='ltr'><strong>ephororum</strong></span> <span class='ocrx_word' id='word_1_240' title='bbox 1371 3891 1380 3899; x_wconf 64' lang='grc'><em>’</em></span> <span class='ocrx_word' id='word_1_241' title='bbox 1387 3902 1680 3985; x_wconf 80' lang='lat' dir='ltr'><strong>gratiam</strong></span> <span class='ocrx_word' id='word_1_242' title='bbox 1740 3914 1811 3966; x_wconf 92' lang='lat' dir='ltr'><strong>et</strong></span> <span class='ocrx_word' id='word_1_243' title='bbox 1871 3905 2345 3968; x_wconf 90' lang='lat' dir='ltr'><strong>auctoritatem</strong></span> <span class='ocrx_word' id='word_1_244' title='bbox 2390 3925 2688 3987; x_wconf 86' lang='lat' dir='ltr'><strong>aequare</strong></span> <span class='ocrx_word' id='word_1_245' title='bbox 2736 3916 2809 3969; x_wconf 93' lang='lat' dir='ltr'><strong>et</strong></span> <span class='ocrx_word' id='word_1_246' title='bbox 2852 3925 2964 3968; x_wconf 89' lang='lat' dir='ltr'><strong>co-</strong></span> 
     </span>
    </p>
   </div>
   <div class='ocr_carea' id='block_1_3' title="bbox 792 4071 1141 4079">
    <p class='ocr_par' dir='ltr' id='par_1_4' title="bbox 792 4071 1141 4079">
     <span class='ocr_line' id='line_1_32' title="bbox 792 4071 1141 4079; baseline 0 1005"><span class='ocrx_word' id='word_1_247' title='bbox 792 4071 1141 4079; x_wconf 95' lang='lat' dir='ltr'><strong> </strong></span> 
     </span>
    </p>
   </div>
   <div class='ocr_carea' id='block_1_4' title="bbox 856 4175 1665 4453">
    <p class='ocr_par' dir='ltr' id='par_1_5' title="bbox 856 4175 1665 4453">
     <span class='ocr_line' id='line_1_33' title="bbox 861 4175 1555 4257; baseline 0.001 -1"><span class='ocrx_word' id='word_1_248' title='bbox 861 4175 906 4256; x_wconf 82' lang='grc' dir='ltr'><strong>ι)</strong></span> <span class='ocrx_word' id='word_1_249' title='bbox 945 4179 1011 4236; x_wconf 91' lang='lat' dir='ltr'><strong>P·</strong></span> <span class='ocrx_word' id='word_1_250' title='bbox 1053 4180 1129 4238; x_wconf 88' lang='lat' dir='ltr'><strong>V·</strong></span> <span class='ocrx_word' id='word_1_251' title='bbox 1175 4197 1248 4255; x_wconf 86' lang='lat'><strong>37</strong></span> <span class='ocrx_word' id='word_1_252' title='bbox 1292 4187 1322 4251; x_wconf 63' lang='grc' dir='ltr'><strong>ἕ</strong></span> <span class='ocrx_word' id='word_1_253' title='bbox 1365 4200 1398 4238; x_wconf 83' lang='lat'>2</span> <span class='ocrx_word' id='word_1_254' title='bbox 1442 4199 1555 4257; x_wconf 78' lang='lat' dir='ltr'><strong>sqq</strong></span> 
     </span>
     <span class='ocr_line' id='line_1_34' title="bbox 856 4272 1665 4355; baseline 0.005 -21"><span class='ocrx_word' id='word_1_255' title='bbox 856 4272 909 4351; x_wconf 74' lang='lat'><strong>²²⁴)</strong></span> <span class='ocrx_word' id='word_1_256' title='bbox 950 4276 1069 4334; x_wconf 75' lang='lat' dir='ltr'><strong>Csr.</strong></span> <span class='ocrx_word' id='word_1_257' title='bbox 1113 4279 1281 4336; x_wconf 90' lang='lat' dir='ltr'>VIII.</span> <span class='ocrx_word' id='word_1_258' title='bbox 1329 4280 1398 4336; x_wconf 71' lang='grc' dir='ltr'><strong>ιδ</strong></span> <span class='ocrx_word' id='word_1_259' title='bbox 1437 4286 1466 4350; x_wconf 68' lang='grc' dir='ltr'>ἓ</span> <span class='ocrx_word' id='word_1_260' title='bbox 1508 4282 1665 4355; x_wconf 82' lang='grc'><strong>3-6</strong></span> 
     </span>
     <span class='ocr_line' id='line_1_35' title="bbox 861 4369 1608 4453; baseline 0.008 -24"><span class='ocrx_word' id='word_1_261' title='bbox 861 4369 910 4450; x_wconf 77' lang='grc'><strong>3)</strong></span> <span class='ocrx_word' id='word_1_262' title='bbox 950 4374 1100 4431; x_wconf 88' lang='lat' dir='ltr'><strong>Plut.</strong></span> <span class='ocrx_word' id='word_1_263' title='bbox 1145 4375 1371 4435; x_wconf 86' lang='lat' dir='ltr'><strong>Cleom.</strong></span> <span class='ocrx_word' id='word_1_264' title='bbox 1414 4396 1469 4434; x_wconf 89' lang='lat' dir='ltr'><strong>c.</strong></span> <span class='ocrx_word' id='word_1_265' title='bbox 1512 4395 1608 4453; x_wconf 83' lang='lat'><strong>35.</strong></span> 
     </span>
    </p>
   </div>
  </div>
 </body>
</html>
