3375 5084
1398 342 1515 400 125

367 514 664 577 Romani
724 515 1012 577 nominis
1074 515 1366 598 gloriam
1425 514 1728 589 fecisset;
1792 536 2033 578 revera
2092 518 2264 579 haec
2322 519 2546 599 capita

368 629 639 712 Polybii
685 630 722 710 ¹)
792 632 1006 694 multo
1075 631 1295 713 magis
1362 632 1608 693 idonea
1664 641 1819 694 sunt
1879 652 2053 714 quae
2112 634 2201 694 ad
2245 632 2547 695 Romani

364 746 620 829 ingenii
666 748 1178 810 admirationem
1225 749 1518 811 lectores
1563 758 1908 822 moveant,
1945 768 2149 830 quam
2173 769 2282 812 res
2304 759 2545 832 gestae

364 881 408 922 a
452 861 650 924 Livio
697 862 1062 945 diligenter
1106 865 1229 925 sed
1272 862 1519 945 frigide
1567 864 1938 944 expositae.

450 977 778 1059 Polybius
838 978 988 1041 aliis
1048 978 1218 1042 locis
1277 979 1475 1041 huius
1537 979 1635 1040 rei
1682 999 1956 1042 causam
2002 980 2349 1060 exposuit;
2399 999 2540 1042 om·

358 1092 546 1155 nium
622 1093 960 1156 bellorum
1027 1114 1136 1157 res
1207 1094 1412 1157 etiam
1480 1095 1872 1157 minutiores
1939 1095 2257 1176 persequi
2323 1116 2545 1177 neque

363 1208 591 1289 potuit
649 1229 872 1291 neque
934 1210 1151 1273 voluit
1189 1211 1250 1291 ²).
1342 1208 1600 1292 Quodsi
1660 1211 1900 1273 vitium
1955 1221 2059 1274 est
2076 1260 2090 1286 ‚
2134 1211 2265 1274 hoc
2311 1211 2547 1274 vitium

362 1325 676 1388 consulto
733 1335 803 1388 et
848 1326 1157 1389 conscius
1203 1326 1512 1390 admittit.
1604 1323 1747 1390 Sed
1790 1327 1860 1388 in
1905 1326 2041 1388 alia
2082 1337 2278 1408 parte
2324 1327 2547 1408 operis

361 1439 612 1503 diserte
674 1442 1046 1521 postulavit
1063 1491 1077 1517 ‚
1142 1452 1212 1505 et
1271 1441 1342 1505 id
1400 1442 1674 1524 quidem
1690 1490 1705 1517 ‚
1766 1443 2004 1524 opinor
2021 1491 2035 1517 ‚
2083 1463 2205 1505 suo
2250 1442 2394 1505 iure
2413 1491 2426 1517 ,
2474 1453 2549 1504 ut

363 1576 489 1618 suo
536 1556 782 1620 iudicio
830 1558 1331 1639 permitteretur
1361 1558 1523 1639 quid
1555 1558 1920 1641 diligenter
1941 1560 2344 1622 tradendum
2369 1579 2545 1634 esse,

362 1670 529 1754 quid
577 1672 796 1736 omitti
841 1674 955 1735 vel
1001 1674 1235 1755 paucis
1282 1674 1548 1737 absolvi
1590 1694 1796 1756 posse
1842 1674 1971 1737 sibi
2015 1675 2386 1749 videretur,
2420 1674 2547 1737 nisi

357 1787 646 1852 veritate
666 1838 679 1863 ,
730 1786 899 1854 τέλει
935 1791 1217 1871 ἱστορίας
1237 1839 1251 1865 ,
1283 1790 1748 1874 iniungeretur
1778 1790 2253 1854 detrimentum
2286 1792 2345 1871 ³).
2392 1791 2545 1854 Hoc

360 1904 519 1967 loco
570 1905 714 1967 eius
759 1905 1080 1968 iudicium
1122 1907 1414 1987 probare
1458 1927 1832 1987 possumus
1923 1905 2041 1968 Ad
2087 1907 2548 1989 cognitionem

356 2016 529 2083 belli
587 2020 1024 2085 Hannibalici
1084 2043 1220 2085 non
1279 2024 1566 2086 multum
1625 2021 1880 2086 faciunt
1933 2023 2244 2105 singulae
2289 2043 2398 2085 res
2443 2023 2547 2085 his

358 2138 553 2200 annis
617 2149 858 2222 gestae
875 2189 889 2215 ‚
947 2142 1151 2203 modo
1197 2149 1578 2222 exponatur
1622 2161 1757 2222 quo
1804 2150 2054 2203 eventu
2097 2139 2240 2203 fere
2285 2160 2545 2222 pugna-

354 2262 505 2315 tum
564 2254 680 2329 sit;
744 2274 898 2317 cum
960 2255 1231 2337 singula
1291 2256 1495 2318 etiam
1558 2255 1820 2317 leviora
1869 2255 2186 2336 persequi
2218 2228 2428 2316 *Livio
2475 2265 2546 2317 et

355 2367 730 2432 lectoribus
776 2369 1111 2433 Romanis
1157 2370 1345 2433 cordi
1388 2368 1592 2432 fuisse
1641 2389 1934 2451 aequum
1979 2369 2065 2432 sit
2081 2418 2094 2444 ,
2142 2369 2433 2451 Polybio
2477 2380 2547 2432 et

358 2484 625 2547 civibus
673 2485 818 2547 eius
867 2484 1144 2550 Graecis
1187 2486 1361 2548 haec
1397 2485 1669 2548 minoris
1703 2495 1893 2548 erant
1916 2485 2256 2548 momenti.
2303 2484 2542 2566 Neque

354 2602 428 2664 in
486 2601 842 2664 Romanos
886 2602 1189 2684 iniquum
1235 2623 1310 2665 se
1354 2602 1668 2683 praebuit
1713 2602 2074 2683 Polybius;
2121 2601 2316 2663 unius
2362 2600 2540 2662 Mar-

357 2716 521 2780 celli
595 2717 836 2780 merita
921 2728 992 2781 et
1059 2719 1331 2781 laudem
1397 2719 1530 2780 hoc
1599 2719 1754 2781 loco
1824 2727 2109 2800 tangere
2178 2716 2541 2797 potuisset;

357 2833 641 2914 eiusque
703 2833 994 2916 gloriam
1055 2833 1340 2897 fortasse
1394 2834 1819 2915 aliquatenus
1864 2854 1907 2896 a
1949 2832 2166 2895 Fabio
2213 2831 2542 2895 dictatore

355 2957 429 3011 et
476 2949 799 3029 speciosis
860 2947 1196 3031 Scipionis
1241 2949 1497 3013 meritis
1544 2949 1920 3013 oblitterari
1966 2969 2204 3031 passus
2250 2958 2354 3012 est
2370 2997 2383 3023 ,
2418 2947 2544 3010 nisi

352 3062 645 3127 fortasse
691 3065 828 3127 alio
874 3066 1027 3128 loco
1072 3086 1251 3128 nunc
1297 3065 1655 3147 deperdito
1699 3085 1894 3128 suum
1918 3065 2252 3146 ⁴Marcello
2287 3064 2540 3129 tribuit.

447 3179 689 3263 Itaque
734 3180 904 3243 nihil
950 3191 1054 3244 est
1101 3202 1220 3244 cur
1263 3190 1665 3257 statuamuS,
1698 3181 2064 3264 Polybium
2094 3182 2224 3245 hac
2255 3181 2324 3244 in
2348 3191 2541 3263 parte

353 3295 531 3359 fonti
599 3295 1139 3379 Carthaginiensi
1199 3299 1312 3360 vel
1374 3295 1607 3362 Siculo
1668 3319 1744 3360 se
1814 3298 2083 3361 dedisse
2100 3347 2114 3373 ‚
2162 3298 2276 3379 qui
2321 3297 2542 3360 studio

354 3412 652 3494 partium
737 3413 1047 3475 inductus
1131 3414 1423 3496 gloriam
1502 3413 1973 3477 Romanorum
2058 3415 2542 3496 impugnasset.

360 3526 618 3592 Contra
678 3528 825 3591 Pol.
872 3526 1027 3591 VII.
1078 3549 1131 3592 c.
1188 3551 1209 3591 1
1267 3529 1373 3611 (de
1418 3529 1766 3612 Petelinis)
1810 3529 2239 3592 traditionem
2284 3528 2541 3591 Roma-

358 3664 523 3706 nam
578 3644 865 3707 eandem
909 3665 1111 3727 quam
1155 3645 1388 3709 Livius
1432 3646 1764 3729 sequitur3
1811 3645 1940 3709 IX.
1989 3667 2044 3709 e.
2093 3664 2261 3726 3—7
2313 3654 2540 3707 aucto-

356 3780 471 3823 res
526 3761 696 3824 duos
760 3780 1044 3842 quorum
1089 3761 1262 3825 alter
1305 3771 1543 3825 auctor
1587 3770 1693 3825 est
1735 3761 1913 3824 Livii
1956 3761 2312 3825 Romanus
2356 3759 2542 3822 adhi-

354 3876 510 3939 buit
597 3885 666 3940 et
741 3876 1095 3941 contraxit.
1249 3876 1468 3941 Victor
1543 3877 1887 3943 Hannibal
1962 3878 2067 3941 his
2141 3877 2331 3941 annis
2407 3875 2540 3938 dici

448 4146 490 4228 ¹)
530 4149 635 4206 IX.
680 4167 734 4207 c.
780 4167 970 4225 3—93
1010 4146 1279 4226 inprimis
1321 4169 1374 4209 c.
1420 4169 1455 4225 3
1498 4156 1526 4221 ξ
1571 4150 1760 4234 5—83
1805 4168 1857 4207 c.
1904 4168 1940 4225 9
1982 4155 2010 4220 ξ
2052 4150 2269 4208 6—10.

439 4244 493 4326 2)
532 4247 664 4305 XV.
710 4267 764 4307 e.
811 4250 886 4325 36
928 4254 956 4320 §
999 4268 1038 4321 4
1079 4266 1166 4326 sq.
1250 4247 1371 4308 cfr.
1414 4249 1520 4306 VI.
1564 4268 1617 4307 c.
1667 4263 1772 4306 112
1811 4254 1839 4320 §
1885 4263 1915 4322 7
1961 4266 2050 4323 sq.

445 4342 495 4425 ³)
534 4346 755 4405 XXIX.
801 4366 852 4404 c.
899 4349 969 4405 6ει
1008 4353 1036 4418 §
1079 4366 1148 4421 4,
1193 4346 1295 4405 cfr.
1339 4347 1445 4406 VI.
1491 4366 1542 4405 e.
1592 4361 1699 4405 112
1739 4353 1767 4418 ξ
1812 4361 1842 4420 7
1889 4365 1976 4422 sq.
