3375 5084
1379 358 1496 416 113

352 531 603 613 colligo
651 530 1115 593 Hamilcarem
1164 550 1331 611 opes
1377 531 1446 592 in
1492 530 1825 611 Hispania
1871 531 2193 594 collectas
2225 532 2312 593 ad
2347 531 2526 595 Has-

305 636 318 651 ’
350 645 692 710 drubalem
751 644 1232 729 Carthaginem
1278 646 1540 710 misisse
1557 695 1572 721 ,
1618 656 1694 708 ut
1738 646 1849 709 hic
1893 646 2246 728 largiendo
2292 648 2531 728 populi

348 762 637 844 gratiam
685 761 1093 824 conciliaret.
1162 761 1447 824 Revera
1490 761 1700 843 igitur
1743 761 2092 824 Hamilcar
2134 760 2261 824 fuit
2306 763 2423 842 qui
2455 772 2525 825 et

346 878 621 960 ingenio
677 897 801 940 suo
858 885 928 940 et
971 878 1174 940 rebus
1221 877 1408 940 bello
1456 877 1674 959 gestis
1720 862 2127 959 praesertim·
2167 877 2237 939 in
2282 877 2530 959 Hispa-

345 995 459 1057 nia
516 994 776 1056 bellum
836 993 1363 1057 Hannibalicum
1423 994 1970 1075 praeparaverit;
2017 995 2141 1056 sed
2184 992 2386 1057 facile
2431 994 2530 1056 in-

344 1109 698 1193 tellegitur
783 1108 998 1172 Fabio
1067 1110 1290 1171 visum
1360 1128 1511 1172 esse
1580 1109 1798 1171 omnis
1871 1109 2112 1190 culpae
2182 1119 2531 1173 auctorem

343 1226 851 1289 Hasdrubalem
868 1275 882 1301 ,
942 1227 1189 1288 ducem
1249 1226 1519 1308 populi,
1584 1226 1984 1308 largitorem
2001 1275 2015 1300 ,
2064 1227 2525 1289 adversarium

345 1343 608 1405 senatui
669 1342 1057 1405 Poenorum
1120 1351 1190 1404 et
1247 1341 1423 1422 parti
1483 1341 1672 1422 pacis
1726 1341 2071 1404 studiosae
2091 1390 2104 1416 ‚
2152 1342 2266 1423 qui
2312 1342 2530 1423 primo

346 1458 586 1522 fuisset
638 1468 823 1522 tutor
868 1467 939 1522 et
985 1467 1337 1540 sequester
1383 1457 1600 1520 soceri
1646 1458 1830 1538 apud
1874 1459 2207 1539 populum
2223 1507 2237 1533 ‚
2285 1458 2529 1520 deinde

343 1573 413 1635 in
458 1573 794 1655 Hispania
840 1573 987 1661 eius
1031 1572 1328 1655 vestigia
1373 1582 1734 1653 premeret.

434 1690 765 1773 Polybius
812 1699 1040 1753 autem
1087 1710 1240 1752 cum
1287 1709 1330 1751 a
1367 1688 1562 1751 Fabii
1594 1698 1889 1770 angusta
1920 1697 1991 1750 et
2014 1688 2243 1770 iniqua
2265 1689 2530 1751 ratione

348 1825 625 1886 prorsus
689 1806 1085 1880 decederet,
1142 1805 1230 1867 ad
1290 1825 1446 1867 eum
1508 1804 1735 1866 locum
1798 1801 2150 1866 elatiorem
2196 1804 2501 1867 ascendit
2517 1852 2533 1877 ,

346 1942 486 2004 quo
562 1922 706 1985 sine
782 1922 883 1985 ira
956 1931 1026 1984 et
1101 1921 1324 1984 studio
1399 1922 1487 1983 de
1556 1922 1760 1983 rebus
1829 1920 2197 1983 memoriae
2267 1921 2530 1984 traditis

345 2037 697 2100 arbitrium
766 2036 991 2101 facere
1051 2045 1300 2118 posset.
1410 2035 1652 2117 Itaque
1718 2055 1992 2099 causam
2050 2036 2220 2098 belli
2280 2026 2535 2099 Hanni-

342 2152 551 2215 balici
597 2153 819 2216 inesse
866 2153 1213 2216 contendit
1257 2152 1326 2213 in
1371 2151 1627 2214 iniuriis
1673 2172 1716 2213 a
1745 2152 2080 2214 Romanis
2110 2153 2343 2233 paullo
2373 2163 2530 2234 post

343 2268 517 2330 belli
560 2268 800 2331 Punici
845 2268 878 2330 I
922 2266 1127 2330 finem
1172 2267 1422 2331 Poenis
1468 2267 1692 2329 allatis
1728 2262 1793 2346 ¹);
1824 2268 1958 2330 hoc
1988 2267 2248 2331 bellum
2279 2267 2527 2330 iustum

345 2394 419 2448 et
467 2394 774 2447 sanctum
817 2383 1025 2446 fuisse
1073 2383 1743 2466 Carthaginiensibus
1791 2391 2022 2446 censet
2054 2381 2115 2463 ²).
2185 2383 2265 2445 In
2294 2384 2528 2464 primis

344 2498 810 2563 Hamilcarem
880 2509 1228 2563 auctorem
1287 2498 1455 2561 belli
1515 2498 1722 2562 fuisse
1787 2500 2136 2562 contendit
2197 2509 2267 2561 et
2311 2501 2398 2561 ab
2446 2520 2529 2561 eo

343 2615 559 2679 filium
622 2618 711 2679 ad
772 2617 1188 2679 inimicitiam
1249 2616 1613 2697 capitalem
1677 2625 1915 2678 contra
1970 2616 2326 2678 Romanos
2383 2636 2532 2678 esse

344 2736 709 2797 educatum
725 2784 739 2810 ‚
787 2736 969 2816 quod
1016 2735 1223 2797 etiam
1266 2743 1430 2796 nota
1475 2733 1900 2796 iurisiurandi
1945 2734 2330 2796 narratione
2355 2732 2531 2796 affir-

342 2859 519 2926 mat,
580 2851 713 2913 hoc
772 2870 1031 2933 urgens
1095 2859 1330 2913 contra
1381 2849 1577 2912 Fabii
1625 2868 1888 2913 errores
1929 2847 1989 2931 ³).
2080 2849 2254 2912 Usui
2300 2859 2530 2912 autem

342 2965 641 3047 Polybio
701 2964 828 3029 fuit
888 2967 1073 3048 quod
1120 2986 1158 3027 e
1203 2964 1502 3028 fontibus
1548 2965 1686 3027 suis
1732 2985 1869 3027 non
1913 2965 2249 3029 Romanis
2294 2965 2532 3047 imagi-

341 3100 502 3143 nem
558 3081 900 3161 puriorem
957 3080 1227 3162 accepit
1270 3078 1515 3143 summi
1557 3079 1740 3142 illius
1784 3079 2075 3142 hominis
2120 3079 2532 3143 Hamilcaris

342 3205 417 3259 et
476 3215 702 3258 rerum
748 3216 791 3259 a
833 3194 1128 3259 factione
1174 3195 1465 3258 Barcina
1509 3203 1862 3277 gestarum
1882 3243 1895 3269 ‚
1944 3195 2132 3258 cuius
2177 3195 2277 3257 rei
2323 3196 2528 3258 etiam

340 3313 413 3373 in
481 3312 936 3393 descriptione
1003 3311 1171 3374 belli
1230 3312 1615 3374 Poenorum
1677 3312 1747 3373 in
1807 3309 2046 3373 Africa
2106 3311 2285 3392 gesti
2344 3311 2530 3374 clara

343 3427 547 3509 signa
592 3429 857 3490 adsunt.

436 3543 673 3607 Fontis
737 3526 1313 3627 Carthaginiensis
1370 3543 1575 3605 etiam
1637 3543 1824 3606 aliud
1877 3542 2242 3624 vestigium
2286 3542 2417 3604 hac
2461 3541 2532 3603 in

344 3669 543 3741 parte
615 3669 825 3723 extat.
915 3659 1067 3722 Res
1137 3667 1295 3742 ante
1358 3656 1650 3741 Sagunti
1682 3664 1686 3668 ’
1713 3657 2055 3721 excidium
2115 3677 2198 3720 ea
2249 3657 2318 3719 in
2362 3657 2531 3719 urbe

345 3786 585 3858 gestas
653 3776 984 3858 Polybius
1049 3777 1182 3838 hoc
1252 3777 1457 3838 modo
1519 3775 1833 3856 exponit:
1898 3771 2261 3855 Saguntini
2329 3773 2532 3837 bellis

350 3891 684 3954 intestinis
754 3890 1001 3954 divulsi
1042 3889 1088 3971 1²)
1106 3939 1121 3963 ‚
1190 3890 1420 3953 multis
1490 3890 1680 3952 annis
1751 3898 2115 3970 antequam
2183 3886 2530 3949 Hannibal

435 4061 2364 4143 ¹)Cfr.P.Lc.65§8sq;et111.c.9§6—10§6.

427 4158 478 4242 2)
519 4163 583 4220 P.
627 4163 733 4220 ΠΙ.
779 4181 830 4247 οἵ
875 4181 950 4239 30
992 4169 1021 4234 ἓ
1061 4182 1117 4235 4.

430 4257 1125 4340 ²³)P.111.c.10§7‚

427 4355 628 4439 4)ΙΠ.
678 4360 1082 4435 15§7;III.
1131 4365 1376 4435 3052.
