3375 5084
1843 350 1932 406 60

792 534 907 596 alii
952 532 992 617 ¹)
1060 555 1284 617 neque
1351 538 1515 599 mihi
1584 548 1692 599 est
1759 539 1944 618 quod
2011 539 2100 599 ad
2167 557 2276 598 res
2341 538 2432 597 ab
2489 534 2570 597 iis
2632 530 2985 612 expositas

792 652 1075 726 addam3
1161 653 1324 715 satis
1392 654 1667 715 habebo
1735 654 1929 716 locos
1994 673 2172 716 nunc
2239 652 2434 716 brevi
2502 645 2983 729 composuisse.

794 764 1154 847 Stipendia
1197 770 1443 831 meruit
1486 769 1741 832 Fabius
1786 789 1941 832 cum
1987 790 2046 832 a.
2097 789 2220 847 225
2272 768 2342 830 in
2369 765 2558 829 bello
2585 783 2740 826 cum
2763 760 2988 825 Gallis

789 893 992 965 gesto
1038 883 1223 965 (Fab.
1268 883 1345 947 fr.
1397 907 1475 964 23
1527 906 1583 949 c.
1629 885 1858 967 Peter)
1903 897 2048 949 tum
2094 887 2164 948 in
2209 884 2397 947 bello
2429 902 2583 946 cum
2604 877 2986 961 Ligustinis

792 1008 993 1081 gesto
1059 999 1154 1081 (fr.
1229 1021 1310 1078 24
1373 1001 1582 1064 Peter
1640 1024 1681 1065 e
1744 1001 2017 1083 Plinio);
2063 1003 2152 1064 de
2197 1002 2304 1064 his
2348 997 2834 1079 triumphatum
2882 1000 2992 1054 est

793 1115 987 1178 annis
1037 1136 1069 1176 2
1081 1136 1160 1194 33
1213 1126 1284 1180 et
1332 1137 1365 1178 2
1378 1137 1410 1177 2
1420 1138 1457 1195 3
1479 1167 1494 1191 ,
1541 1119 1665 1180 sed
1710 1138 1847 1199 quo
1894 1138 2071 1180 anno
2103 1116 2395 1180 adfuerit
2423 1113 2677 1178 Fabius
2701 1109 2991 1174 dubium

791 1240 916 1293 est.
1009 1232 1176 1294 Post
1238 1233 1505 1296 cladem
1569 1233 1997 1298 Cannensem
2057 1254 2115 1297 a.
2167 1255 2198 1296 2
2217 1237 2293 1296 16
2341 1231 2656 1312 Delphos
2701 1228 2791 1290 ad
2839 1244 2996 1287 ora-

793 1346 1022 1408 culum
1089 1347 1332 1411 missus
1378 1359 1484 1412 est
1528 1350 1733 1433 (App.
1780 1349 2002 1412 Hann.
2050 1369 2106 1412 c.
2160 1347 2261 1429 27)
2278 1397 2292 1424 ,
2340 1348 2530 1411 cuius
2576 1345 2676 1407 rei
2722 1341 2960 1404 Livius
2981 1387 2996 1412 ‚

793 1459 1080 1524 fortasse
1142 1462 1306 1543 ipsis
1364 1464 1560 1527 Fabii
1622 1465 1852 1527 verbis
1869 1513 1884 1539 ,
1943 1463 2355 1526 mentionem
2400 1460 2563 1524 facit
2609 1456 2852 1520 XXII.
2907 1473 2990 1532 57

793 1581 824 1652 S
898 1597 969 1655 5,
1038 1577 1314 1640 XXIII·
1396 1601 1461 1640 11
1534 1585 1566 1656 5
1638 1599 1822 1657 1—5.
1916 1577 2319 1644 Senatorem
2385 1595 2541 1639 eum
2600 1573 2809 1636 fuisse
2854 1570 2998 1632 iam

795 1693 983 1756 initio
1028 1693 1197 1756 belli
1242 1693 1679 1758 Hannibalici
1724 1697 1929 1759 docet
1974 1695 2304 1777 Polybius
2348 1693 2468 1755 III.
2516 1712 2573 1753 e.
2615 1711 2673 1768 9.
2738 1685 3004 1749 Fabius

796 1809 1296 1890 antiquissimus
1350 1812 1642 1893 scriptor
1697 1812 1913 1894 vulgo
1959 1812 2206 1874 dicitur
2251 1830 2407 1874 cum
2453 1829 2495 1870 a
2539 1806 2738 1868 Livio
2786 1802 2859 1883 (I.
2910 1822 3000 1877 44

796 1929 827 2000 5
901 1945 971 1999 2,
1041 1925 1125 1987 II.
1190 1948 1276 2003 40
1338 1932 1370 2003 ἓ
1441 1926 1540 2006 1o)
1601 1938 1748 1991 tum
1804 1948 1847 1989 a
1891 1927 2225 2009 Dionysio
2272 1926 2342 2007 (I.
2392 1928 2464 1998 6;
2511 1921 2669 1984 VII.
2724 1918 2845 1998 71)·
2937 1914 3005 1976 E

797 2037 1198 2121 fragmentis
1231 2052 1519 2122 apparet
1553 2062 1712 2104 eum
1742 2043 2091 2106 historiam
2123 2040 2523 2122 repetivisse
2556 2037 2646 2099 ab
2670 2033 3004 2097 Euandro

799 2134 1176 2237 Aeneaque
1193 2205 1207 2231 ‚
1272 2167 1340 2220 et
1400 2159 1468 2219 in
1522 2159 1711 2221 bello
1759 2158 2212 2233 Hannibalico
2260 2156 2623 2237 Appianus
2671 2162 2743 2215 et
2788 2149 3003 2229 Poly-

794 2271 947 2333 bius
1009 2291 1164 2333 eum
1225 2281 1572 2335 auctorem
1639 2273 1936 2336 laudant.
2027 2271 2316 2335 Fabium
2364 2269 2634 2333 Graeco
2679 2282 3008 2328 sermone

797 2407 992 2449 usum
1047 2408 1199 2450 esse
1247 2396 1542 2463 constat,
1590 2387 1754 2470 (Civ.
1802 2390 1888 2451 de
1942 2389 2073 2451 div.
2121 2388 2171 2449 I.
2224 2407 2324 2448 21.
2374 2406 2455 2464 43
2478 2433 2492 2459 ‚
2539 2384 2743 2445 Dion.
2803 2401 2855 2441 1.
2908 2377 3009 2459 6);

798 2523 975 2584 quae
1023 2524 1062 2566 e
1109 2503 1305 2566 Fabii
1352 2505 1706 2567 annalibus
1752 2506 2078 2586 decerpta
2124 2512 2195 2565 et
2241 2503 2447 2565 latine
2495 2499 2752 2581 scripta
2798 2494 3008 2557 nobis

799 2629 1244 2683 servaverunt
1290 2618 1568 2684 Servius
1583 2669 1597 2695 ‚
1644 2620 1904 2682 Nonius
1922 2668 1935 2694 ‚
1984 2618 2497 2701 Quinctilianus,
2545 2616 2636 2677 ad
2680 2611 3012 2675 historias

797 2733 1005 2796 latine
1069 2735 1353 2815 scriptas
1413 2735 1754 2815 pertinere
1817 2734 2133 2796 videntur
2150 2781 2164 2807 ‚
2226 2751 2511 2814 quarum
2574 2737 2818 2791 auctor
2872 2725 3012 2787 for-

798 2857 980 2910 tasse
1025 2847 1152 2911 fuit
1199 2846 1344 2912 Ser.
1392 2848 1644 2912 Fabius
1692 2849 1922 2911 Pictor
1960 2848 2002 2929 ²)
2021 2896 2035 2922 ‚
2083 2867 2286 2928 quem
2331 2855 2676 2909 oratorem
2719 2852 2793 2906 et
2823 2842 3012 2904 litte-

800 2982 1025 3025 rarum
1095 2973 1165 3025 et
1231 2964 1646 3044 antiquitatis
1713 2965 1889 3026 bene
1953 2964 2245 3044 peritum
2313 2961 2519 3024 fuisse
2591 2961 2689 3023 ait
2757 2958 3014 3020 Cicero

803 3076 1010 3157 (Brut.
1063 3097 1093 3136 2
1113 3098 1163 3138 1.
1214 3076 1319 3157 81)
1338 3125 1352 3151 ‚
1399 3078 1513 3139 vel
1562 3078 1735 3139 alius
1781 3077 1931 3159 quis
1978 3099 2016 3139 e
2063 3086 2273 3160 gente
2319 3076 2554 3138 Fabia.
2966 3076 2976 3085 '

891 3189 1229 3253 Historias
1304 3190 1499 3253 Fabii
1564 3172 1702 3253 non
1774 3212 1969 3254 secus
2039 3211 2121 3254 ac
2194 3191 2406 3255 Cincii
2475 3190 2734 3253 similes
2797 3187 3020 3250 fuisse

803 3305 1158 3367 annalibus
1235 3304 1515 3369 Graecis
1592 3307 1758 3389 (ταῖς
1837 3307 2213 3390 ἑλληνικαῒς
2297 3304 2840 3391 χρονογραφίαις)
2917 3304 3022 3365 ait

803 3420 1172 3501 Dionysius
1189 3468 1202 3494 ‚
1265 3430 1335 3483 et
1395 3423 1628 3501 paullo
1688 3433 1846 3485 ante
1900 3423 1971 3503 (I.
2021 3423 2080 3503 ὁ)
2129 3423 2291 3485 dicit
2338 3443 2458 3485 eos
2505 3442 2663 3484 cum
2712 3422 3016 3483 Timaeo

804 3536 1096 3617 Polybio
1143 3534 1377 3599 Sileno
1433 3538 1661 3601 multis
1717 3539 1865 3601 aliis
1913 3540 2156 3601 eodem
2203 3539 2370 3602 vitio
2419 3541 2739 3601 laborare
2756 3587 2772 3611 ,
2824 3538 3023 3618 quod

802 3652 1005 3713 rebus
1056 3650 1542 3731 antiquioribus
1587 3672 1723 3714 non
1768 3654 1945 3715 bene
1995 3653 2901 3734 exploratis⁸acquieverint
2947 3652 3026 3714 in

806 3765 1279 3829 traditionibus
1346 3786 1521 3847 quae
1590 3766 1766 3830 forte
1834 3766 2102 3831 fortuna
2168 3770 2257 3831 ad
2319 3789 2439 3831 eos
2508 3769 3025 3850 pervenissent.

893 3953 932 4035 ¹)
976 3954 1051 4013 G.
1096 3955 1167 4012 N.
1215 3954 1298 4012 du
1341 3953 1494 4013 Rieu
1537 3953 1860 4030 disputatio
1903 3955 1980 4014 de
2012 3965 2188 4032 gente
2208 3956 2415 4030 Fabia,
2444 3958 2641 4035 Lugd.
2666 3959 2807 4016 Bat.
2840 3959 3030 4034 1856.

808 4055 901 4111 De
964 4051 1041 4126 Q.
1106 4050 1275 4111 Fabii
1337 4050 1639 4127 scriptoris
1701 4050 1822 4109 vita
1882 4061 1942 4111 et
1983 4053 2229 4130 'scriptis
2282 4056 2457 4114 Peter
2511 4055 2574 4113 in
2630 4057 2916 4134 prolegg.
2963 4077 3033 4133 p.

805 4152 1003 4210 LXIX
1044 4185 1125 4194 —-
1169 4151 1218 4210 C
1238 4195 1253 4223 ,
1298 4149 1398 4225 qui
1442 4149 1616 4208 etiam
1656 4150 2185 4211 commentationes
2212 4162 2391 4212 antea
2416 4154 2494 4213 de
2515 4154 2737 4213 eodem
2760 4154 3037 4231 scriptas

802 4268 940 4307 cum
983 4267 1128 4307 cura
1168 4256 1454 4307 recenset.

892 4345 945 4425 2)
986 4346 1109 4406 Cfr.
1154 4344 1432 4403 du⁸Rieu
1475 4365 1535 4421 p.
1581 4364 1692 4402 201
1740 4362 1903 4419 sqq.;
1942 4344 2114 4405 Nieb.
2156 4349 2386 4408 VorleS.
2431 4352 2479 4409 I.
2524 4370 2584 4426 p.
2634 4369 2733 4426 27.
