3375 5084
1472 349 1640 439 17⁴

402 554 666 616 nullum
731 563 889 616 ante
951 575 1106 616 eum
1168 540 1628 616 Macedonum
1688 573 1929 635 regem
1990 554 2194 615 rebus
2256 553 2471 634 gestis
2537 552 2599 614 ei

402 689 642 750 parem
710 668 947 744 fuisse;
1020 670 1292 732 omnino
1351 679 1540 732 recte
1607 679 1812 750 atque
1873 689 2087 750 aeque
2150 669 2238 730 de
2296 667 2596 748 Philippi

404 785 662 848 meritis
724 794 795 848 et
851 785 1150 868 egregio·
1186 785 1464 868 ingenio
1513 786 1766 849 iudicat
1783 834 1797 860 ,
1846 793 1916 848 et
1960 785 2089 848 hac
2136 784 2204 846 in
2249 803 2324 846 re
2374 782 2596 844 Theo-

403 920 698 982 pompus
745 901 951 964 etiam
998 901 1335 964 consentit
1373 897 1427 982 ¹).
1519 899 1664 964 Sed
1708 900 2269 981 intemperantiae
2317 898 2596 961 crimine

408 1036 563 1079 eum
609 1017 877 1079 absolvi
921 1037 1058 1079 non
1100 1036 1304 1098 posse
1337 1026 1603 1080 constat
1634 1038 1672 1079 e
1695 1016 2087 1103 ¹testimonio
2111 1015 2597 1079 Demosthenis

404 1142 475 1195 et
519 1133 952 1215 Theopompi
998 1132 1129 1216 (cui
1174 1133 1381 1195 etiam
1429 1133 1599 1196 alios
1646 1143 1961 1196 auctores
2006 1132 2205 1194 huius
2251 1132 2350 1195 rei
2393 1128 2600 1194 fuisse

407 1249 610 1312 docet
655 1247 757 1311 fr.'
782 1248 947 1330 262).
1043 1247 1336 1311 Omnino
1390 1249 1460 1311 in
1506 1249 1665 1311 aula
1711 1248 2161 1312 Macedonica
2177 1297 2191 1323 ,
2240 1267 2395 1311 cum
2441 1248 2599 1309 Phi-

404 1364 593 1446 lippo
663 1383 832 1446 rege
899 1374 1045 1427 tum
1113 1374 1355 1445 postea
1377 1413 1391 1440 ‚
1460 1364 1672 1427 vitam
1742 1365 2092 1447 degebant
2154 1351 2599 1439 luxuriosam,
2655 1382 2662 1387 ·

404 1479 800 1544 fruebantur
861 1481 1049 1544 victu
1096 1482 1394 1563 quodam
1439 1480 1719 1562 profuso
1765 1489 1838 1544 et
1881 1481 2158 1544 militari
2173 1529 2188 1557 ,
2235 1481 2601 1561 voluptati-

404 1599 534 1660 bus
603 1606 674 1660 et
742 1596 1292 1679 magnificentiae
1364 1596 1618 1659 addicti
1683 1607 1878 1660 erant
1894 1645 1908 1670 ‚
1971 1618 2146 1680 quae
2208 1586 2277 1659 in
2338 1606 2603 1660 ceteras

405 1712 737 1777 Graeciae
797 1723 1033 1796 partes
1090 1713 1394 1795 Philippi
1459 1723 1770 1795 tempore
1817 1714 2114 1776 nondum
2157 1733 2601 1794 permanave-

403 1840 571 1893 rant.
661 1831 1164 1894 Demosthenes
1225 1831 1401 1893 hanc
1457 1817 1798 1893 luxuriam
1842 1850 2169 1912 respuens
2213 1830 2411 1892 nimis
2457 1850 2598 1892 mo-

405 1947 616 2009 menti
701 1947 766 2009 ei
834 1947 1070 2009 tribuit
1138 1955 1210 2009 et
1274 1947 1766 2028 Theopompus
1835 1931 1988 2008 eam
2057 1947 2597 2029 exaggeravisse

404 2062 690 2125 videtur.
782 2060 927 2127 Sed
985 2082 1123 2125 non
1180 2062 1401 2125 minus
1448 2062 1906 2145 exaggeravit
1949 2061 2279 2144 Polybius
2326 2064 2598 2144 culpam

404 2178 836 2260 Theopompi
882 2181 1106 2261 (quem
1156 2182 1449 2264 :pedm-mi
1495 2182 1604 2243 καὶ
1658 2178 1908 2243 κόλακα
1957 2178 2168 2259 dicit);
2212 2187 2282 2242 et
2311 2188 2600 2260 apparet

404 2295 773 2376 Polybium
832 2314 1112 2376 operam
1177 2295 1446 2358 dedisse
1506 2304 1582 2358 ut
1642 2294 2039 2376 Philippum
2086 2294 2293 2357 etiam
2337 2294 2595 2357 leviore

406 2410 682 2474 crimine
729 2411 1018 2487 levaret,
1065 2431 1269 2493 quem
1313 2421 1637 2493 tanquam
1668 2410 2128 2491 Peloponnesi
2157 2410 2594 2473 liberatorem

406 2527 681 2590 coleret.

492 2644 1016 2725 Theopompum
1077 2643 1280 2707 etiam
1327 2643 1687 2725 aliquoties
1734 2643 2066 2709 erravisse
2111 2663 2336 2705 rerum
2382 2643 2593 2724 impe-

402 2760 556 2822 ritia
602 2760 695 2822 ait
739 2759 1070 2841 Polybius
1114 2760 1189 2840 ²),
1237 2759 1529 2840 denique
1576 2760 1808 2840 inepte
1854 2759 2193 2822 interdum
2240 2759 2589 2841 τερατολο-

404 2884 576 2957 γεῖν,
628 2896 780 2938 cum
824 2856 1022 2938 nimis
1070 2875 1383 2938 credulus
1428 2873 1697 2937 fabulas
1742 2854 1967 2938 tradat
2006 2875 2069 2958 3).
2165 2872 2307 2938 Sed
2354 2884 2589 2938 contra

404 2991 670 3054 Timaei
752 2991 1036 3057 fallaces
1112 2982 1581 3054 accusationes
1647 3011 1805 3053 eum
1873 2990 2375 3054 defendendum
2443 3011 2596 3054 esse

405 3106 671 3187 putavit
702 3106 764 3188 ⁴).

398 3405 607 3482 Polyb.
652 3405 710 3464 h.
753 3405 789 3462 l.
835 3402 932 3485 (V.
977 3424 1030 3463 c.
1081 3402 1179 3484 10)
1222 3422 1599 3480 summopere
1640 3403 1847 3462 laudat
1888 3401 2228 3480 Philippum
2270 3405 2434 3480 quod
2466 3412 2602 3479 post

399 3523 666 3582 pugnam
721 3503 802 3563 ad
857 3504 1266 3563 Chaeroneam
1325 3501 1593 3579 captivos
1645 3500 2038 3561 Athenienses
2080 3499 2369 3562 remiserit
2384 3525 2399 3575 ;
2440 3500 2598 3561 idem

397 3614 604 3663 narrat
644 3602 949 3663 Diodorus
989 3604 1154 3661 XVI.
1199 3604 1274 3676 87
1321 3611 1387 3660 ut
1427 3601 1661 3661 videtur
1705 3621 1738 3660 e
1770 3601 2170 3678 Theopompo
2198 3599 2327 3681 (cfr.
2351 3601 2600 3659 Mueller

397 3703 608 3781 fragm.
656 3700 816 3782 262).
872 3701 1071 3761 Minus
1113 3710 1275 3760 recte
1317 3701 1532 3761 eodem
1571 3701 1710 3760 loco
1741 3701 1990 3759 Mueller
2019 3698 2298 3777 opposuit
2325 3697 2600 3758 laudibus

398 3806 437 3862 a
462 3800 713 3880 Polybio
734 3803 816 3862 ob
836 3802 994 3860 hanc
1011 3799 1485 3871 moderationem
1506 3797 1782 3876 Philippo
1804 3798 1959 3858 datis
1975 3845 1990 3873 ,
2016 3799 2200 3858 verba
2219 3797 2597 3874 Theopompi

399 3900 614 3978 quibus
653 3900 703 3960 is
745 3899 913 3979 orgia
953 3897 1221 3975 depinxit
1260 3917 1298 3958 a
1337 3897 1613 3975 Philippo
1653 3896 1802 3958 inita
1841 3907 1979 3974 post
2020 3916 2303 3975 pugnam.

490 3998 536 4080 ¹)
577 4002 696 4077 Ap.
738 4000 864 4060 Pol.
908 3999 1072 4056 VIII.
1125 4017 1190 4056 11
1241 4004 1269 4069 ξ
1303 4018 1329 4056 1
1363 4002 1622 4078 μηδέποτε
1645 4004 1742 4063 τὴν
1773 4004 2019 4076 Εὺρὼπην
2045 4000 2341 4076 ἐνηνοχέναι
2365 4005 2597 4056 τοιοῦτον

397 4101 569 4179 ἄνδρα
604 4102 664 4159 τὸ
700 4106 973 4177 παράπαν.

485 4195 537 4276 2)
577 4198 642 4255 P.
688 4197 825 4256 XII.
874 4212 945 4272 25
992 4196 1021 4254 f
1053 4202 1083 4267 ὅ
1128 4213 1181 4272 5.
1225 4195 1457 4272 Theop.
1498 4194 1778 4254 laudatur
1819 4192 2000 4253 etiam
2043 4193 2180 4251 XII.
2227 4211 2320 4268 27.
2368 4193 2404 4250 8
2448 4212 2533 4270 sq.

488 4291 643 4375 3)P.
688 4297 850 4354 XVI.
896 4314 949 4354 c.
1001 4301 1242 4369 1257.
2611 4280 2689 4293 ”

486 4391 539 4474 ⁴)
578 4395 644 4452 P.
687 4395 823 4453 XII.
868 4413 919 4453 c.
967 4407 1037 4467 4³·
1078 4400 1108 4465 ὅ
1153 4413 1207 4452 2.

2402 4497 2437 4548 2
