3375 5084
1418 357 1534 416 193

378 503 496 613 qui
542 531 690 612 ipse
736 531 911 592 hanc
962 530 1144 592 viam
1188 529 1427 592 fecerit
1472 541 1543 592 et
1586 530 1888 611 regionis
1933 531 2561 612 propriaexpertus

376 647 480 710 sit.
574 647 818 728 Neque
866 647 1124 708 minore
1173 646 1514 708 evidentia
1560 656 1717 709 sunt
1762 667 1936 728 quae
1983 648 2249 728 scripsit
2295 647 2457 709 XII.
2507 668 2561 710 c.

384 785 423 839 4
496 767 528 839 5
600 782 724 839 5—
740 784 814 839 14
878 762 964 824 de
1024 781 1213 823 more
1275 761 1727 824 bubulcorum
1772 762 2240 825 Romanorum
2259 811 2273 837 ,
2319 782 2565 844 porcos

383 878 594 940 tubae
653 877 876 940 sonitu
937 878 1025 939 ad
1083 898 1158 939 se
1203 878 1496 939 vocandi
1538 873 1597 959 ¹).
1647 914 1729 922 —
1777 877 2144 940 Praeterea
2196 878 2566 941 Tarentum

380 1014 539 1055 eum
610 992 856 1056 adiisse
925 994 1059 1055 iam
1120 1013 1325 1075 supra
1385 994 1614 1056 monui
1674 993 1882 1077 (VIII.
1946 1016 2001 1057 c.
2072 1016 2156 1072 30
2203 999 2234 1070 5
2287 1015 2319 1074 7
2370 995 2564 1076 sqq.);

374 1107 615 1172 Locris
660 1110 930 1191 saepius
974 1130 1049 1172 se
1095 1110 1369 1192 degisse
1416 1110 1510 1172 ait
1546 1109 1728 1191 (XII.
1762 1131 1817 1173 c.
1855 1131 1888 1188 5
1924 1115 1956 1187 5
1997 1110 2085 1192 1);
2118 1131 2158 1173 e
2190 1110 2564 1173 Locrorum

370 1226 849 1289 traditionibus
906 1225 1353 1308 popularibus
1407 1226 1494 1288 de
1552 1228 1720 1288 urbe
1767 1225 2002 1289 Locris
2049 1226 2321 1289 condita
2365 1225 2557 1288 Aris-

372 1341 608 1404 totelis
694 1341 1078 1423 opinionem
1165 1350 1401 1404 contra
1469 1340 1826 1404 Timaeum
1896 1341 2213 1405 defendit.
2333 1340 2566 1422 Opera

374 1456 652 1539 Polybii
694 1456 949 1520 factum
995 1467 1099 1520 est
1144 1466 1221 1519 ut
1265 1456 1717 1519 Locrensibus
1762 1456 2264 1521 remitterentur
2310 1458 2566 1520 auxilia

372 1573 650 1636 navalia
705 1594 881 1656 quae
936 1574 1005 1635 in
1051 1573 1252 1636 bellis
1298 1572 1624 1636 Hiberico
1673 1583 1744 1636 et
1788 1573 2178 1637 Delmatico
2224 1574 2305 1637 iis
2352 1574 2564 1655 impe-

374 1699 528 1751 rata
596 1700 802 1754 erant.
905 1690 1176 1753 Bellum
1243 1689 1704 1753 Delmaticum
1772 1688 1897 1753 fuit
1966 1691 2121 1753 anni
2201 1713 2222 1752 1
2240 1711 2273 1768 5
2287 1711 2319 1770 7
2391 1690 2562 1770 (Pol.

376 1804 696 1868 XXXII.
769 1826 823 1868 e.
904 1802 1036 1884 19);
1100 1805 1388 1868 alterum
1448 1806 1710 1868 bellum
1772 1805 2043 1869 videtur
2100 1826 2250 1869 esse
2303 1806 2564 1868 bellum

381 1920 845 1984 Lusitanicum
891 1922 1006 1984 vel
1055 1920 1537 1985 Celtibericum
1584 1942 1762 1984 anno
1819 1944 1840 1983 1
1858 1942 1939 2000 53
1989 1921 2069 2003 Q.
2115 1922 2310 1984 Fulv.
2356 1921 2585 1984 Nobi-'

381 2038 550 2101 liore
621 2039 900 2101 consule
969 2048 1359 2120 susceptum
1376 2087 1390 2112 ,
1452 2038 1680 2120 itaque
1750 2038 1832 2101 iis
1893 2039 2083 2100 annis
2149 2038 2264 2100 vel
2328 2039 2564 2119 paullo
2675 2107 2678 2112 ,

378 2162 536 2234 post
595 2152 830 2216 Locris
891 2152 1033 2216 fuit.
1100 2190 1183 2198 ——
1245 2150 1527 2216 Lacz'nz'z'
1579 2154 1750 2216 vidit
1808 2173 1995 2215 aram
2041 2155 2128 2215 ab
2174 2153 2563 2216 Hannibale

375 2278 661 2350 propter
726 2268 1000 2331 Iunonis
1069 2268 1388 2332 Laciniae
1447 2269 1780 2350 templum
1826 2278 2157 2332 aestatem
2204 2278 2454 2351 agente
2502 2290 2561 2332 a.

382 2405 507 2462 205
559 2385 900 2448 conditam
947 2394 1016 2448 et
1062 2386 1446 2448 dedicatam
1490 2405 1646 2447 cum
1674 2385 1937 2467 ingenti
1966 2405 2191 2447 rerum
2214 2394 2562 2467 gestarum

374 2501 577 2564 titulo
622 2501 895 2564 Punicis
930 2500 1348 2583 Graecisque
1379 2501 1621 2564 litteris
1651 2500 1994 2583 insculpta
2022 2500 2190 2589 (Liv.
2217 2500 2560 2563 XXVIII.

376 2638 436 2681 e.
486 2622 570 2695 46
590 2665 604 2691 ,
650 2618 726 2681 P.
773 2616 934 2681 XV.
992 2639 1041 2680 1.
1099 2640 1120 2679 1
1143 2622 1231 2705 1);
1278 2637 1594 2680 numeros
1641 2618 1729 2679 ab
1763 2617 2150 2679 Hannibale
2185 2617 2559 2699 inscriptOS,

373 2753 550 2815 quos
633 2734 911 2796 eosdem
991 2731 1263 2797 Silenus
1329 2733 1699 2795 memoriae
1768 2733 2196 2795 mandavisse
2265 2732 2532 2794 videtur
2546 2781 2560 2806 ,

373 2850 656 2913 tradidit
714 2849 832 2913 III.
899 2870 954 2912 c.
1003 2871 1083 2927 33
1136 2855 1166 2926 5
1224 2854 1297 2912 18
1348 2859 1419 2912 et
1467 2854 1548 2927 56
1598 2854 1628 2925 5
1678 2872 1736 2927 4.
1828 2849 1938 2912 De
1985 2849 2241 2930 templo
2288 2848 2563 2912 Iunonis

376 2965 529 3047 egit
592 2966 741 3029 libr.
804 2964 1156 3028 XXXIV.
1218 2964 1332 3028 cfr.
1397 2986 1451 3029 c.
1523 2986 1590 3026 11
1663 2970 1694 3041 5
1756 2987 1994 3044 9—11.
2043 3001 2125 3009 —
2173 2964 2561 3045 Descriptio

374 3082 548 3144 situs
608 3079 986 3165 Agrzgentz·
1032 3078 1184 3161 (IX.
1232 3102 1288 3144 e.
1339 3102 1371 3143 2
1385 3077 1446 3161 7)
1490 3090 1725 3144 movet
1768 3091 1845 3144 ut
1892 3083 2163 3144 credam
2181 3129 2195 3156 ,
2244 3080 2448 3144 etiam
2494 3081 2561 3142 in

377 3195 687 3261 Siciliam
733 3199 862 3260 iter
904 3197 1148 3261 fecisse
1195 3196 1576 3279 Polybium.
1664 3200 1675 3211 '

473 3310 867 3397 (fflkpam‘a).
939 3310 1133 3393 Quae
1173 3313 1258 3374 de
1305 3311 1638 3393 Hispania
1666 3311 1873 3374 tradit
1896 3310 2266 3394 (XXXIV.
2297 3331 2352 3374 c.
2380 3316 2417 3373 8
2445 3311 2563 3393 sq.)

381 3429 533 3510 ipse
578 3429 647 3490 in
691 3428 931 3491 itinere
978 3427 1388 3509 exploravit3
1435 3448 1571 3510 qua
1616 3427 1973 3509 diligentia
2015 3448 2175 3490 usus
2220 3428 2308 3490 sit
2342 3437 2562 3490 osten-

383 3543 490 3605 dit
554 3542 647 3606 X.
721 3564 776 3606 c.
856 3565 877 3605 1
900 3564 922 3604 1
1003 3548 1033 3619 5
1098 3565 1137 3621 4
1156 3592 1170 3618 ‚
1231 3544 1347 3605 ubi
1408 3544 1592 3625 quod
1650 3543 2021 3605 tradiderat
2082 3552 2317 3605 auctor
2372 3562 2530 3604 suus
2546 3590 2561 3616 ‚

386 3658 715 3721 ambitum
775 3658 961 3720 urbis
1023 3657 1496 3740 Carthagenae
1557 3656 1764 3720 fuisse
1825 3658 2275 3740 quadraginta
2318 3658 2563 3720 stadio-

379 3793 569 3848 rum,
653 3774 788 3857 (οὐκ
871 3776 1086 3853 ἀγνοῶ
1166 3772 1329 3837 διότι
1403 3770 1667 3849 πολλοῖς
1740 3777 1987 3858 εἴρηται
2059 3773 2563 3857 τετταράκοντα)

474 4068 517 4150 ¹)
577 4071 667 4130 Eo
728 4068 915 4148 magis
977 4068 1157 4130 miror
1219 4069 1384 4146 quod
1436 4067 1611 4128 fuerit
1665 4068 1768 4145 qui
1822 4078 2065 4147 negaret
2105 4065 2417 4144 Polybium
2457 4065 2567 4126 iter

380 4179 546 4228 trans
601 4170 782 4246 Alpes
836 4168 1039 4229 fecisse
1056 4214 1071 4244 ‚
1114 4188 1328 4246 nempe
1368 4168 1532 4246 quod
1571 4168 1737 4229 locos
1780 4166 2074 4244 situmque
2115 4185 2427 4244 perperam
2467 4167 2566 4226 de-

382 4266 724 4345 scripsisset.
815 4266 972 4328 Vide
1032 4266 1351 4327 Reichardi
1409 4268 1573 4327 locos
1633 4286 1730 4345 ap.
1792 4267 2136 4327 Lachmann
2191 4266 2267 4325 de
2308 4264 2567 4325 fontibus

383 4364 533 4425 Livii
575 4367 651 4424 H.
695 4387 771 4440 40
813 4366 951 4426 adn.
996 4387 1034 4439 4
1075 4375 1133 4426 et
1174 4385 1269 4444 ap.
1312 4368 1506 4425 Lucas
1544 4366 1582 4423 l.
1624 4365 1662 4422 l.

2334 4468 2398 4519 13
