3375 5084
1377 375 1489 416 121

343 567 557 629 parva
599 546 733 609 fide
781 547 1031 629 dignae
1078 547 1210 609 sint
1254 548 1385 610 hae
1431 547 1608 611 Livii
1655 548 2103 622 narrationeS‚
2150 568 2188 610 e
2219 548 2524 628 pluribus

341 663 679 726 annalium
739 663 1141 744 scriptorum
1199 663 1387 725 libris
1455 663 1873 744 compositae
1892 711 1906 738 ,
1954 673 2280 744 quantum
2326 683 2522 744 prae-

344 779 573 842 sertim
618 780 689 841 in
731 779 1024 842 numeris
1070 778 1278 860 saepe
1327 779 1670 842 erraverit.
1765 777 2038 842 XXIV.
2089 800 2143 842 c,
2202 801 2223 840 1
2241 798 2275 856 5
2325 799 2422 860 sq.
2464 799 2522 842 a.

345 916 471 973 214
521 895 701 958 enim
746 895 995 957 Hanno
1044 915 1198 957 cum
1254 916 1275 955 1
1295 914 1465 974 7000
1512 894 1931 957 Bruttiorum
1967 905 2038 959 et
2065 894 2522 971 Lucanorum,

349 1031 523 1073 2000
583 1010 885 1092 equitum
902 1059 917 1085 ,
963 1011 1052 1073 ad
1098 1010 1569 1073 Beneventum
1615 1019 1839 1073 castra
1884 1009 2128 1084 habet;
2178 1007 2528 1073 Gracchus

348 1126 494 1189 eius
560 1126 778 1189 aciem
850 1125 1253 1208 aggreditur
1268 1174 1283 1202 ,
1352 1136 1422 1189 et
1489 1135 1631 1188 tam
1699 1145 1977 1207 prorsus
2037 1124 2362 1208 profligat
2377 1174 2392 1200 ,
2452 1134 2531 1188 ut

341 1241 574 1307 minus
643 1263 817 1304 2000
888 1243 1235 1305 hominum
1297 1263 1335 1305 e
1399 1252 1589 1306 tanto
1652 1242 1961 1305 exercitu
1979 1291 1994 1317 ‚
2057 1250 2128 1305 et
2187 1262 2271 1304 ea
2315 1242 2530 1304 maior

338 1379 498 1440 pars
558 1359 860 1440 equitum
878 1406 893 1433 ,
957 1378 1110 1421 cum
1172 1358 1320 1439 ipso
1376 1360 1548 1421 duce
1565 1407 1581 1433 ‚
1631 1356 2043 1441 effugerunt;
2092 1357 2209 1420 alii
2258 1377 2495 1421 omnes
2514 1405 2529 1432 ,

337 1474 483 1538 fere
554 1497 574 1536 1
596 1494 797 1554 7000,
845 1474 1028 1538 caesi
1074 1483 1191 1539 aut
1236 1473 1435 1557 capti.
1527 1475 1628 1537 At
1672 1474 1909 1556 paullo
1956 1484 2113 1556 post
2159 1475 2236 1558 (c.
2290 1495 2377 1559 20Ι
2420 1474 2527 1555 in.)

339 1590 590 1654 Hanno
669 1592 893 1653 denuo
972 1589 1284 1655 Graccho
1352 1590 1423 1653 in
1488 1590 1782 1653 Lucanis
1852 1590 2143 1654 occurrit
2161 1639 2177 1666 ‚
2250 1600 2320 1654 et
2388 1599 2532 1652 tum

336 1706 587 1770 Hanno
649 1707 1007 1771 Romanos
1066 1708 1346 1770 adortus
1414 1708 1635 1782 „haud
1680 1707 1898 1769 multo
1943 1706 2275 1769 minorem
2319 1725 2527 1788 quam

339 1825 431 1885 ad
489 1823 961 1886 Beneventum
1016 1831 1379 1904 acceperat
1423 1823 1722 1885 reddidit
1766 1822 1946 1885 hosti
1995 1820 2308 1885 cladem.''
2398 1821 2527 1884 His

336 1939 502 2001 solis
546 1939 774 2001 verbis
818 1948 960 2001 tam
1006 1937 1371 2021 magnifica
1406 1938 1764 2001 Hannonis
1801 1938 2088 2002 victoria
2118 1936 2526 2012 absolvitur3

337 2054 575 2117 Livius
620 2054 766 2136 ipse
785 2103 800 2129 ‚
850 2055 1053 2117 credo
1071 2103 1086 2130 ,
1133 2055 1343 2119 sensit
1387 2055 1460 2117 id
1505 2055 1898 2117 absurdum'
1921 2074 2071 2117 esse
2088 2102 2103 2129 ‚
2154 2055 2396 2116 ducem
2421 2053 2530 2116 cui

336 2191 377 2233 e
450 2170 710 2250 proelio
780 2171 1069 2233 adverso
1137 2191 1308 2233 2000
1355 2170 1645 2234 militum
1691 2170 1930 2233 relicta
1976 2179 2201 2233 essent
2220 2218 2233 2244 ‚
2282 2170 2524 2231 eadem

335 2295 602 2348 aestate
664 2286 1044 2349 exercitum
1107 2285 1528 2368 reparavisse
1591 2296 1663 2348 et
1725 2285 1954 2348 statim
2014 2285 2344 2348 victorem
2408 2304 2528 2366 ag-

333 2422 649 2486 gressum
712 2423 838 2465 sua
898 2403 1050 2489 victe
1111 2402 1216 2465 his
1276 2401 1473 2465 novis
1538 2402 1753 2482 copiis
1810 2400 1953 2464 fere
2011 2423 2033 2462 1
2052 2420 2222 2481 7000
2269 2401 2528 2463 Roma-

336 2538 583 2582 norum
651 2518 975 2582 cecidisse
1035 2519 1150 2582 vel
1213 2518 1494 2600 cepisse.
1559 2555 1642 2562 ——
1707 2517 1948 2599 Neque
2013 2517 2233 2579 solum
2291 2518 2377 2579 de
2424 2516 2529 2579 his

335 2621 637 2698 numeris
709 2635 1019 2700 dubitare
1086 2634 1278 2709 licet3
1342 2634 1547 2697 etiam
1609 2633 1766 2695 illos
1782 2681 1797 2709 ‚
1858 2641 1934 2696 ut
1978 2651 2186 2714 supra
2232 2632 2527 2706 ostendi,

333 2749 572 2812 Livius
628 2750 775 2831 ipse
837 2749 1101 2812 nonnisi
1147 2770 1300 2813 cum
1348 2749 1773 2811 dubitatione
1820 2747 2100 2811 tradidit
2117 2796 2132 2822 ‚
2179 2746 2416 2829 quales
2460 2746 2530 2808 in

336 2884 423 2927 eo
493 2865 834 2927 annalium
902 2865 1076 2927 libro
1093 2913 1108 2940 ,
1184 2884 1388 2946 quem
1456 2863 1630 2927 forte
1693 2864 1763 2926 in
1822 2863 2132 2926 manibus
2194 2863 2496 2924 habebat
2514 2910 2528 2936 ‚

336 2981 611 3063 legerat
671 2980 966 3064 (XXIII.
1023 3001 1078 3044 c.
1137 2986 1212 3043 16
1261 2982 1349 3043 de
1395 2980 1613 3062 prima
1657 3000 1895 3062 pugna
1940 2981 2028 3042 ad
2071 2979 2319 3042 Nolam
2372 2975 2531 3054 „vix

337 3095 642 3182 equidem
705 3095 929 3161 ausim
989 3095 1336 3182 affirmare
1354 3146 1368 3172 ,
1426 3099 1611 3179 quod
1656 3097 1930 3179 quidam
1978 3105 2290 3159 auctores
2336 3105 2523 3170 sunt3

341 3220 518 3277 2800
584 3215 881 3278 hostium
943 3235 1180 3278 caesos
1243 3235 1381 3278 non
1439 3215 1594 3297 plus
1644 3235 1774 3292 500
1817 3214 2156 3278 Romanis
2202 3210 2529 3288 amissis'';

339 3330 617 3393 XXIV.
688 3352 743 3394 e.
828 3353 848 3392 1
869 3352 900 3410 7
983 3332 1171 3412 „plus
1246 3352 1418 3394 2000
1478 3331 1774 3393 hostium
1839 3350 2041 3393 caesa
2086 3328 2532 3400 traduntust',·

340 3446 618 3510 XXVI.
667 3468 722 3510 o.
773 3453 811 3510 6
860 3448 946 3509 de
992 3467 1227 3530 pugna
1281 3449 1370 3510 ad
1416 3447 1721 3529 Capuam
1768 3467 1826 3510 a.
1879 3468 1910 3508 2
1930 3468 1951 3507 1
1973 3468 1995 3508 1
2053 3445 2355 3528 graviter
2400 3446 2529 3507 dis-

337 3562 637 3627 sentiunt
690 3573 1039 3639 auctores3
1087 3562 1396 3626 XXVII.
1446 3584 1500 3626 c.
1558 3585 1580 3624 1
1637 3584 1696 3626 a.
1749 3584 1780 3624 2
1799 3584 1876 3625 10
1924 3564 2009 3625 de
2057 3562 2251 3625 clade
2296 3561 2365 3623 in
2412 3560 2528 3624 Cn.

337 3679 567 3742 Fulvii
645 3679 976 3760 praetoris
1059 3680 1147 3742 ad
1228 3678 1666 3742 Herdoneam
1736 3679 2244 3754 „Romanorum
2313 3677 2528 3739 socio-

339 3815 626 3877 rumque
688 3805 855 3876 quot
918 3814 1120 3859 caesa
1179 3794 1248 3857 in
1308 3815 1392 3857 eo
1453 3794 1717 3876 proelio
1773 3794 1961 3857 milia
2004 3794 2166 3868 sint,
2213 3790 2366 3876 quis
2400 3797 2529 3876 pro

344 3913 519 3972 certo
564 3907 907 3996 affirmet,
970 3929 1126 3972 cum
1182 3931 1202 3970 1
1219 3929 1394 3987 3000
1441 3909 1636 3984 alibi,
1688 3910 1853 3972 alibi
1896 3910 2080 3972 haud
2123 3908 2281 3990 plus
2326 3927 2529 3989 quam

352 4046 523 4106 7000
567 4024 978 4107 inveniam'').

440 4140 636 4203 Haec
684 4141 770 4203 de
814 4140 991 4203 Livii
1036 4139 1169 4203 fide
1215 4126 1712 4222 praemittenda
1757 4149 1948 4203 erant
1982 4139 2344 4221 antequam
2370 4159 2526 4202 cum

349 4256 621 4338 Polybii
675 4257 1059 4320 testimonio
1105 4257 1334 4342 (Καρχ.
1390 4254 1825 4333 ἀδιαλείπτως
1875 4255 2206 4337 νικῶντες)
2253 4274 2524 4337 compa-

349 4393 653 4436 raremus
727 4393 901 4455 quae
977 4373 1273 4437 maxime
1350 4394 1504 4437 cum
1583 4394 1666 4436 eo
1735 4381 2000 4456 pugnat
2071 4371 2524 4436 narrationem
