3375 5084
1855 347 1975 420 136

818 556 975 598 nem
994 584 1008 609 ‚
1057 536 1273 598 multo
1321 536 1567 599 clarius
1614 557 1767 598 eam
1814 537 2098 597 reddere
2134 535 2387 617 potuit,
2420 534 2746 616 quidquid
2774 536 3007 616 magni

821 652 1145 714 momenti
1212 661 1359 714 erat
1382 700 1396 725 ‚
1444 652 1667 714 lucide
1717 671 2068 733 exponens
2085 700 2099 725 ,
2147 671 2256 713 res
2302 650 2596 713 leviores
2642 670 2816 731 quae
2862 670 3006 712 rem

819 768 1278 831 obscuriorem
1326 766 1552 830 facere
1597 777 1880 849 possent
1909 767 2105 829 brevi
2138 767 2505 829 absolvens
2535 767 2650 829 vel
2675 767 3007 829 omittenS.

815 882 931 947 Sic
993 884 1062 945 in
1120 903 1359 965 pugna
1403 885 1493 945 ad
1542 883 1865 946 Trebiam
1913 883 2272 945 commissa
2316 882 2412 964 (P.
2460 903 2516 945 c.
2570 902 2647 961 73
2698 902 2814 963 sq„
2860 881 3008 957 Liv,

816 1020 870 1061 e.
922 1019 1001 1076 55
1052 998 1169 1081 sq,)
1214 998 1449 1061 Livius
1494 999 1765 1061 laborat
1811 998 2259 1072 obscuritate3
2308 997 2635 1061 Baleares
2667 998 2784 1079 qui
2807 998 3009 1079 primi

814 1135 1054 1177 manus
1130 1124 1610 1178 conseruerant
1686 1135 1843 1177 cum
1922 1113 2257 1177 Romanis
2328 1123 2398 1178 et
2464 1133 2630 1176 mox
2698 1112 2894 1176 nimis
2966 1134 3010 1176 a

818 1229 1205 1313 legionibus
1285 1229 1623 1293 Romanis
1698 1232 2181 1312 premebantur
2199 1278 2214 1305 ‚
2284 1231 2372 1292 ad
2442 1250 2697 1293 cornua
2765 1230 3011 1291 deduci

815 1346 1024 1410 tradit
1040 1395 1055 1422 ,
1118 1348 1302 1428 quod
1347 1348 1690 1427 quomodo
1737 1345 1993 1409 factum
2040 1366 2190 1409 esse
2237 1346 2457 1428 possit
2501 1347 2663 1408 dum
2709 1345 3012 1408 Romani

815 1462 936 1525 eos
999 1463 1540 1544 aggrederentur
1596 1482 1732 1524 non
1793 1463 2038 1544 liquet3
2106 1461 2340 1524 Livius
2386 1461 2607 1524 minus
2653 1471 2838 1549 recte
2883 1481 3011 1543 pu-

815 1578 987 1641 tavit
1018 1579 1297 1640 eosdem
1329 1578 1651 1660 deinceps
1682 1599 1839 1641 cum
1872 1578 2210 1660 equitibus
2238 1577 2574 1640 Romanis
2601 1577 2671 1639 in
2696 1578 3014 1640 cornibus

818 1714 1221 1777 congressos
1267 1715 1449 1768 esse,
1497 1696 1726 1777 itaque
1773 1716 1813 1757 e
1859 1715 2094 1777 pugna
2139 1714 2260 1757 eos
2307 1694 2510 1757 modo
2558 1715 2633 1756 se
2662 1694 3010 1775 recepisse

815 1831 951 1872 non
1009 1810 1502 1886 animadvertit,
1592 1811 1925 1892 Polybius
1973 1821 2209 1874 contra
2257 1831 2376 1873 eos
2421 1830 2549 1891 per
2596 1811 3010 1891 διαστήματα

820 1927 989 1989 aciei
1033 1926 1419 1989 Poenorum
1466 1937 1781 2008 receptos
1828 1947 1980 1989 esse
2026 1927 2122 1989 ait
2168 1937 2240 1989 et
2286 1926 2500 1989 multo
2546 1936 2704 2008 post
2733 1928 3013 1989 demum

820 2061 973 2104 cum
1065 2041 1314 2104 Poenis
1393 2061 1646 2124 graves
1722 2043 1973 2104 milites
2036 2042 2408 2107 ·Romanos
2484 2043 2762 2104 adortos
2838 2063 3013 2104 esse.

818 2157 1082 2219 Eodem
1141 2159 1344 2219 modo
1391 2157 1624 2220 Livius
1642 2207 1657 2233 ,
1706 2178 1861 2221 cum
1910 2160 2219 2221 crederet
2264 2178 2552 2241 gravem
2598 2166 3017 2221 armaturam

818 2273 1289 2336 Romanorum
1347 2275 1574 2336 medio
1627 2274 1697 2336 in
1742 2274 2005 2356 proelio
2052 2276 2141 2336 ab
2190 2274 2573 2356 elephantis
2619 2294 2770 2337 esse
2816 2275 3014 2336 inva-

818 2409 993 2463 sam,
1059 2410 1178 2452 eos
1239 2410 1281 2452 a
1341 2390 1654 2452 cornibus
1703 2391 1791 2452 ad
1852 2389 2149 2452 mediam
2203 2390 2450 2465 aciem,
2499 2411 2541 2453 a
2586 2390 2812 2452 media
2857 2390 3015 2453 acie

818 2525 1046 2567 rursus
1092 2505 1161 2567 in
1207 2525 1460 2568 cornua
1506 2507 1750 2569 ductos
1797 2526 1948 2568 esse
1994 2506 2202 2569 tradit
2218 2554 2231 2580 ,
2280 2508 2466 2588 quod
2511 2526 2750 2588 parum
2796 2507 3017 2569 credi-

818 2622 958 2684 bile
1027 2632 1149 2684 est.
1221 2659 1303 2666 -—
1373 2621 1453 2683 In
1513 2621 1752 2684 itinere
1810 2643 1935 2704 per
1990 2624 2280 2704 paludes
2325 2623 2393 2685 in
2439 2622 2778 2685 Etruriam
2822 2621 3016 2685 facto

820 2738 1149 2820 Polybius
1209 2739 1414 2801 tradit
1473 2739 1931 2801 Hannibalem
2000 2740 2221 2820 primo
2266 2739 2522 2821 agmini
2569 2739 2837 2802 dedisse
2883 2739 3016 2802 im-

819 2845 1239 2927 pedimenta,
1301 2846 1548 2908 necubi
1607 2847 1993 2908 necessaria
2052 2846 2143 2909 ad
2202 2867 2363 2909 usus
2425 2847 2743 2909 deessent
2798 2847 2874 2928 (c.
2931 2868 3017 2927 79

822 2967 853 3038 5
910 2960 994 3043 1),
1041 2962 1224 3024 idem
1269 2961 1502 3024 Livius
1549 2962 1810 3043 (XXII.
1860 2983 1914 3025 c.
1967 2984 1999 3024 2
2052 2967 2082 3038 5
2133 2962 2220 3041 3),
2268 2963 2391 3026 sed
2435 2962 2765 3044 Polybius
2809 2964 3015 3026 huius

820 3078 919 3139 rei
987 3098 1161 3159 quae
1229 3079 1591 3140 temeraria
1655 3099 1783 3160 per
1845 3099 1918 3140 se
1980 3078 2127 3142 visa
2183 3089 2393 3154 esset,
2439 3078 2743 3142 rationes
2789 3080 3015 3154 addit,

825 3202 895 3255 et
987 3192 1286 3274 explicat
1369 3214 1488 3256 cur
1563 3204 1704 3256 tam
1779 3214 2018 3277 parum
2095 3214 2297 3257 curae
2372 3194 3016 3276 impedimentorum

823 3308 1137 3371 habuerit
1183 3308 1532 3371 Hannibal
1578 3310 1628 3390 (ἕ
1681 3309 1757 3391 2).
1808 3347 1890 3354 —
1937 3309 2408 3373 Eodemmodo
2439 3310 2772 3399 Polybius
2796 3331 2852 3373 c.
2887 3332 3004 3373 101

822 3432 1181 3506 postquam
1227 3426 1529 3487 narravit
1573 3426 2032 3489 Hannibalem
2080 3424 2357 3489 Gerunii
2404 3428 2774 3509 degentem
2790 3475 2805 3501 ‚
2852 3448 3014 3489 cum

821 3539 1074 3603 Fabius
1118 3560 1335 3623 prope
1382 3542 1663 3605 instaret
1678 3591 1695 3615 ,
1742 3542 2012 3609 tertiam
2041 3553 2327 3625 'partem
2357 3543 2647 3606 militum
2678 3543 3014 3606 dimisisse

823 3658 911 3719 ad
971 3656 1379 3720 frumentum
1441 3657 1907 3741 colligendum
1926 3708 1939 3734 ,
1996 3665 2026 3735 ἓ
2076 3681 2238 3740 9-1
2256 3681 2288 3721 2
2341 3659 2709 3742 diligenter
2752 3661 2840 3722 de
2884 3680 3014 3723 suo

825 3774 1016 3836 addit
1060 3774 1357 3836 rationes
1404 3794 1524 3837 cur
1567 3774 1937 3838 Hannibali
1983 3776 2078 3838 ita
2123 3777 2467 3859 agendum
2508 3785 2704 3839 esset.
2777 3776 3019 3840 Livius

824 3891 901 3970 (c.
954 3909 1034 3967 24
1083 3895 1113 3965 ἓ
1164 3889 1223 3971 9)
1271 3899 1530 3951 tantum
1564 3892 2018 3954 temeritatem
2046 3864 2146 3954 rei
2178 3892 2545 3954 admiratus
2570 3891 2759 3954 addit
2787 3894 3015 3972 „quod

826 4005 1099 4067 minime
1146 4006 1295 4086 quis
1342 4007 1700 4069 crederet.''
1784 4007 2133 4070 Eiusmodi
2179 4026 2506 4071 excursus
2550 4009 3017 4091 pragmaticos

827 4121 914 4185 de
988 4131 1133 4184 arte
1181 4121 1371 4184 ducis
1417 4142 1624 4203 saepe
1668 4122 1951 4185 inseruit
1995 4124 2105 4206 (ex
2149 4143 2250 4206 gr.
2298 4144 2354 4187 c.
2403 4124 2526 4206 81).
2575 4161 2657 4168 —
2708 4122 3015 4205 Quanto-

825 4256 988 4317 pere
1064 4247 1367 4318 praestet
1442 4238 1717 4319 Polybii
1796 4239 2091 4302 narratio
2109 4288 2123 4314 ‚
2200 4240 2501 4321 inprimis
2574 4239 3008 4304 manifestum

828 4362 932 4414 est
976 4372 1031 4415 c.
1082 4375 1161 4431 93
1213 4353 1376 4436 (Liv.
1424 4375 1480 4416 c.
1537 4354 1666 4436 18),
1714 4374 1849 4436 quo
1894 4356 2257 4438 exponitur
2301 4356 2497 4419 dolus
2545 4376 2680 4439 quo
2727 4377 2767 4420 e
2807 4356 3003 4420 Cam-
