3375 5084
1883 322 1963 380 82

834 508 1040 575 etiam
1102 510 1313 574 colles
1358 510 1747 574 adiacentes
1764 559 1778 585 ,
1825 521 2221 574 resonantes
2268 511 2555 592 strepitu
2599 511 2777 593 pulsi
2817 506 2877 593 ¹).
2934 547 3018 555 ——

833 628 1147 708 Denique
1164 675 1179 701 ,
1238 637 1314 690 ut
1373 620 1546 688 alius
1600 626 2078 689 animadvertit
2116 625 2159 706 ²)
2178 675 2193 701 ,
2248 626 2658 707 vituperatio
2704 626 3027 688 Flaminii

834 744 921 805 ad
988 742 1276 805 Fabium
1344 741 1701 804 referenda
1765 752 1901 816 est;
1965 742 2385 805 tribunorum
2446 742 2736 806 militum
2783 743 3030 805 crebra

831 859 1085 922 mentio
1160 858 1237 922 fit
1258 907 1273 935 ‚
1350 858 1603 921 Fabius
1678 869 1907 922 autem
1988 859 2138 922 trib.
2217 859 2353 922 mil.
2439 857 2644 922 fuisse
2712 859 3028 932 videtur;

835 973 1156 1060 χιλίαρχοι
1204 996 1457 1059 magno
1503 976 1655 1038 usui
1701 986 1856 1039 sunt
1900 975 1970 1038 in
2015 975 2329 1039 Flaminii
2374 977 2638 1058 proelio
2680 997 2833 1039 cum
2864 996 3023 1038 eam

832 1092 1197 1155 dimicandi
1256 1092 1588 1155 rationem
1649 1093 2010 1155 ostendant
2073 1112 2209 1174 qua
2267 1090 2624 1156 Gallorum
2669 1092 2810 1155 tela
2855 1111 3030 1154 mox

831 1209 1095 1271 inutilia
1160 1207 1325 1271 fiant
1365 1206 1424 1289 ³).
1515 1207 1714 1271 Haec
1777 1228 1932 1270 cum
1992 1228 2155 1291 cura
2213 1229 2256 1270 a
2306 1207 2525 1272 Fabio
2572 1208 2821 1271 tradita
2866 1228 3026 1271 esse

835 1325 1159 1387 credibile
1208 1335 1312 1388 est
1328 1373 1343 1400 ,
1392 1345 1567 1406 quae
1615 1326 1706 1387 ad
1751 1324 1973 1405 ipsum
2019 1324 2453 1407 pertinerent.

921 1441 1252 1523 Polybius
1295 1441 1507 1524 igitur
1554 1442 1760 1505 etiam
1805 1442 1936 1505 hac
1989 1441 2058 1504 in
2103 1451 2298 1523 parte
2347 1443 2713 1505 obsecutus
2753 1450 2857 1505 est
2881 1440 3034 1523 legi

834 1577 1037 1639 quam
1082 1558 1154 1619 in
1197 1556 1494 1620 fontibus
1543 1558 1899 1640 elegendis
1946 1557 2076 1620 sibi
2123 1558 2565 1638 constituerat
2609 1566 2685 1621 ut
2715 1576 3027 1638 praeser-

834 1674 955 1736 tim
1002 1693 1120 1736 eos
1166 1684 1564 1755 sequeretur
1609 1675 1726 1756 qui
1772 1695 1941 1757 quas
1988 1694 2097 1738 res
2144 1675 2607 1738 describerent
2651 1674 2781 1756 ipsi
2827 1693 3029 1755 prae-

835 1800 1062 1853 sentes
1129 1790 1472 1854 vidissent.
1564 1790 1743 1852 Nam
1810 1791 2087 1853 bellum'
2141 1788 2486 1854 Gallicum
2554 1809 2709 1853 cum
2772 1787 2908 1851 fide
2956 1798 3036 1852 et

835 1887 1111 1988 copiose
1173 1927 1214 1968 a
1273 1906 1489 1970 Fabio
1551 1927 1703 1970 esse
1770 1918 2154 1971 enarratum
2219 1908 2423 1971 docet
2468 1906 2750 1988 Dionys.
2795 1904 3034 1969 Halic.

833 2022 884 2085 I.
934 2042 988 2086 c.
1044 2027 1154 2098 16,
1202 2032 1272 2087 et
1317 2022 1471 2086 VH.
1528 2045 1626 2104 71.
1879 2014 1884 2018 ⁴

1425 2249 1641 2322 Bella
1686 2249 1978 2323 Gallica
2026 2250 2431 2342 superiora.

1569 2388 1718 2460 Pol.
1765 2396 1851 2460 H.
1902 2417 1955 2461 c.
2014 2416 2290 2478 17—21.

924 2603 1121 2666 Fabii
1197 2603 1476 2666 annales
1548 2602 1807 2667 fontem
1874 2573 2082 2667 fuisse
2151 2603 2444 2685 Polybio
2514 2602 2583 2665 in
2650 2602 3037 2677 enarrando

836 2731 1143 2802 tempore
1218 2720 1417 2803 regni
1485 2720 1786 2783 Romani
1855 2720 2211 2784 statuimus
2278 2720 2411 2783 hac
2478 2720 2738 2782 ratione
2805 2718 3001 2782 ducti
3022 2768 3038 2794 ‚

836 2838 1021 2918 quod
1090 2857 1303 2899 annus
1364 2857 1609 2919 regum
1672 2845 2071 2900 exactorum
2131 2846 2201 2901 et
2247 2847 2557 2918 tempora
2602 2835 3037 2918 singulorum

835 2972 1077 3034 regum
1122 2953 1220 3015 ita
1264 2933 1307 3014 a
1350 2953 1643 3035 Polybio
1692 2951 2128 3017 definirentur
2143 3002 2158 3029 ,
2204 2962 2279 3017 ut
2310 2961 2673 3035 appareret
2703 2972 2861 3015 eum
2888 2940 3047 3032 quo*

810 3077 1115 3136 auctore
1174 3068 1244 3131 in
1303 3069 1385 3131 iis
1442 3090 1604 3132 usus
1661 3078 1843 3133 esset
1859 3118 1874 3146 ‚
1921 3089 2171 3133 annum
2216 3069 2403 3133 urbis
2449 3069 2763 3133 conditae
2810 3067 2918 3131 Ol.
2973 3074 3038 3132 8.

849 3206 871 3246 1
928 3185 1373 3248 constituisse.
1463 3186 1532 3249 Is
1577 3196 1809 3249 autem
1853 3184 2111 3249 Fabius
2154 3186 2300 3250 fuit.

927 3300 1376 3382 Argumentis
1449 3301 1800 3383 aliquanto
1875 3300 2281 3365 firmioribus
2356 3302 2483 3365 nisi
2556 3301 2915 3364 statuimus
2996 3322 3037 3363 e

838 3416 1054 3479 Fabio
1132 3426 1467 3499 sumptam
1546 3439 1696 3481 esse
1764 3419 2221 3482 narrationem
2278 3419 2459 3482 ‘belli
2531 3417 2778 3483 Gallici
2837 3418 3038 3501 annis

844 3553 1189 3610 225——222
1242 3535 1439 3616 gesti.
1508 3534 1825 3616 Denique
1871 3536 1942 3598 in
1987 3536 2172 3599 bello
2204 3535 2466 3598 Punico
2490 3535 2716 3616 priore
2739 3533 3039 3596 Fabium

839 3649 1140 3731 inprimis
1209 3660 1483 3714 secutus
1545 3662 1650 3715 est
1712 3651 1818 3728 P.;
1878 3651 1950 3714 in
2001 3652 2207 3716 initiis
2251 3652 2419 3715 belli
2463 3650 2728 3713 Punici·
2748 3651 3039 3713 secundi

841 3766 1190 3829 narrandis
1237 3787 1393 3829 eum
1439 3766 1736 3831 refutare
1784 3778 2082 3832 conatur.

932 3966 948 4001 ¹
1017 3967 1084 4027 C.
1132 3988 1164 4026 2
1324 3970 1381 4026 6.

923 3965 974 4147 23
1016 3987 1220 4145 Heye9r
1251 3974 1358 4126 §de
1418 4067 1710 4128 bellorum
1772 4027 1810 4127 a
1864 4070 2046 4128 Rom.
2104 4087 2243 4127 cum
2300 4066 2484 4128 Gallis
2540 4065 2692 4127 inter
2746 4065 2922 4144 prim.
2984 4077 3045 4128 et

840 4167 1080 4224 secund.
1140 4166 1288 4225 Pun.
1347 4176 1649 4244 gestorum
1708 4165 2096 4244 scriptoribus
2136 4164 2372 4245 Regim.
2422 4168 2596 4243 1867.
2640 4167 2746 4226 cfr.
2791 4166 3045 4226 Nitzsch

840 4265 1017 4324 Rom.
1061 4266 1219 4323 Ann.
1264 4285 1322 4343 p.
1371 4281 1505 4341 274.

931 4360 1745 4442 3)Ο·33ἓῑ,ἓ4,56-
