3375 5084
1891 360 2008 415 106

859 546 1112 609 auxilia
1180 555 1250 608 et
1315 546 1673 626 pecuniam
1741 547 2102 627 impetrare
2169 567 2305 608 non
2373 556 2606 627 posset
2624 595 2638 619 ,
2697 546 2847 627 regi
2906 545 3030 626 ipsi

859 662 1133 723 insidias
1197 671 1587 742 paraturum
1657 683 1825 724 esse.
1890 698 1972 706 —-
2039 661 2417 743 Epistolam
2476 682 2518 724 a
2564 660 2835 725 Sosibio
2879 670 3030 742 post

860 775 1119 860 aliquot
1158 777 1302 840 dies
1347 779 1436 840 ad
1481 798 1720 860 regem
1764 779 2101 859 perlatam
2146 799 2295 840 esse
2341 779 2436 841 ait
2479 778 2840 859 PolybiuS,
2882 786 3034 859 post

768 933 774 940 -
861 904 1177 975 quattuor
1221 894 1644 978 Plutarchus,

950 1007 1125 1069 Plut.
1195 1027 1251 1070 c.
1314 1014 1397 1086 36
1418 1056 1431 1082 ,
1494 1028 1669 1089 quae
1731 1009 2006 1072 tradidit
2062 1011 2148 1071 de
2202 1000 2601 1072 Ptolemaeo
2651 1007 3035 1090 Chrysermi

860 1123 1000 1186 filio
1018 1173 1032 1198 ,
1095 1125 1314 1187 amico
1376 1125 1561 1207 regis
1577 1174 1591 1199 ,
1639 1127 1757 1207 qui
1802 1146 1956 1189 curn
2003 1126 2416 1207 aliquamdiu
2460 1126 2825 1189 amicitiam
2873 1143 3037 1206 ergo

866 1239 1302 1304 Cleomenem
1370 1241 1753 1304 simulasset
1769 1291 1782 1317 ,
1850 1241 2027 1305 forte
2088 1262 2323 1305 veram
2367 1252 2666 1305 mentem
2713 1241 2776 1304 ei
2823 1250 3041 1303 osten-

863 1357 1097 1431 disset,
1143 1377 1279 1419 non
1323 1357 1529 1421 tradit
1572 1357 1920 1439 Polybius,

952 1472 1128 1533 Plut.
1193 1492 1246 1535 c.
1313 1492 1391 1552 37
1457 1472 1624 1554 (Pol.
1684 1493 1739 1536 c.
1790 1472 1893 1555 39)
1940 1474 2167 1536 omnia
2210 1472 2353 1536 fere
2401 1474 2643 1536 eadem
2685 1473 2815 1535 nisi
2861 1472 3043 1553 quod

863 1588 1194 1669 Polybius
1247 1589 1496 1651 multas
1539 1609 1649 1652 res
1694 1590 1988 1653 minores
2034 1590 2312 1665 omittit;
2363 1589 2799 1654 Cleomenem
2843 1608 3044 1670 prop-

865 1714 969 1767 ter
1013 1724 1283 1767 servum
1328 1707 1693 1786 quemdam
1736 1706 2067 1788 propositi
2113 1706 2458 1770 conscium
2475 1755 2489 1781 ,
2538 1706 2647 1769 cui
2684 1703 3049 1779 diffideret,

867 1820 1211 1902 aliquanto
1258 1820 1545 1884 celerius
1591 1842 1796 1903 quam
1844 1832 2251 1885 conventum
2287 1832 2468 1885 esset
2497 1821 2678 1885 foras
2703 1819 3048 1904 effugisse3

866 1957 1086 2017 neque
1155 1936 1503 2019 Hippotae
1520 1984 1533 2011 ,
1599 1957 1824 2017 neque
1881 1937 2183 2000 eiusdem
2237 1937 2618 2000 Ptolemaei
2664 1935 3054 2018 Chrysermi

865 2053 998 2116 hoc
1076 2053 1229 2116 loco
1312 2054 1726 2116 mentionem
1806 2043 1969 2116 facit
2036 2053 2396 2135 Polybius;
2466 2053 2749 2116 caedem
2819 2063 3056 2116 contra

869 2168 1247 2231 Ptolemaei
1304 2169 1454 2231 urbi
1498 2168 1826 2250 praefecti
1871 2178 2156 2251 uterque
2204 2170 2432 2244 tradit;
2480 2168 2812 2251 Polybius
2856 2168 3059 2231 aliter

870 2294 939 2346 et
998 2285 1272 2347 brevius
1330 2294 1559 2348 narrat
1620 2284 2059 2348 Cleomenem
2119 2305 2463 2349 carcerem
2509 2286 2578 2347 in
2623 2305 2782 2348 arce
2830 2282 3057 2346 effrin-

870 2420 1035 2481 gere
1098 2410 1167 2463 et
1214 2400 1522 2482 captivos
1566 2401 1859 2464 liberare
1905 2400 2151 2464 frustra
2197 2411 2516 2464 conatum
2563 2421 2746 2475 esse;
2796 2400 3059 2462 dictum

869 2517 1210 2598 quoddam
1272 2514 1683 2592 Cleomenis,
1745 2527 2034 2580 mortem
2090 2517 2440 2599 Hippotae
2487 2526 2557 2580 et
2600 2516 2844 2579 Pantei
2893 2515 3061 2579 omi-

870 2633 956 2694 sit
1022 2632 1386 2713 (utriusque
1456 2633 1654 2696 huius
1715 2634 1843 2696 viri
1902 2633 2136 2715 paullo
2197 2644 2354 2696 ante
2417 2633 2830 2696 mentionem
2899 2631 3064 2694 fecit

869 2746 1231 2828 PolybiuS,
1318 2767 1373 2810 c.
1460 2767 1538 2827 37
1629 2753 1660 2824 5
1734 2753 1769 2810 8
1789 2797 1804 2823 ,
1874 2750 1997 2811 sed
2064 2748 2406 2831 Hippotas
2474 2749 2660 2830 apud
2729 2767 2889 2810 eum
2964 2756 3067 2810 est

870 2861 1199 2944 Hippias).

960 2978 1141 3041 Plut.
1211 2999 1266 3042 c.
1340 2999 1420 3057 35
1441 3028 1457 3061 ,
1527 2980 1759 3042 ‘narrat
1819 2980 2224 3062 supplicium
2283 2981 2517 3043 matris
2577 2990 2647 3043 et
2691 2980 3067 3042 liberorum

874 3093 1259 3158 Cleomenis
1276 3143 1291 3170 ,
1338 3097 1520 3177 quod
1567 3096 1792 3158 omisit
1836 3096 2182 3178 Polybius,

855 3231 861 3238 ·
963 3187 1109 3273 Iam
1172 3211 1429 3274 clarum
1477 3221 1580 3274 est
1626 3212 2066 3275 Plutarchum
2110 3233 2247 3275 non
2292 3233 2332 3275 e
2377 3212 2673 3294 Polybio
2717 3212 3035 3274 hausisse
3051 3259 3064 3285 ,

875 3328 998 3389 sed
1065 3326 1333 3408 utrique
1400 3328 1691 3389 eundem
1752 3337 2099 3391 auctorem
2159 3327 2364 3391 fuisse
2382 3376 2396 3402 ,
2457 3347 2664 3408 quem
2732 3327 3072 3408 Polybius

877 3443 1164 3505 mutavit
1208 3443 1299 3525 (in
1355 3420 1585 3505 rebus.
1618 3442 2026 3526 Nicagorae)
2090 3453 2159 3507 et
2219 3445 2576 3535 contrassit.
2668 3444 2844 3506 Eum
2911 3463 3068 3507 auc-

877 3569 1095 3622 torem
1151 3558 1612 3639 Phylarchum
1669 3579 1818 3622 esse
1864 3560 1990 3622 has
2036 3561 2125 3622 ob
2173 3579 2412 3622 causas
2457 3567 2717 3622 statuo:
2765 3559 3070 3621 narratio

878 3674 1227 3737 Plutarchi
1296 3694 1413 3736 eos
1484 3675 1748 3737 colores
1813 3695 1979 3756 prae
2039 3696 2113 3738 se
2178 3674 2310 3738 fert
2370 3695 2541 3758 quos
2601 3674 3074 3757 Phylarchum

882 3792 1237 3853 adamasse
1299 3790 1577 3865 scimus;
1640 3810 1816 3871 quae
1877 3792 1963 3854 de
2022 3792 2368 3874 Nicagora
2426 3792 2632 3855 tradit
2697 3791 3077 3855 cohaerent

882 3926 1037 3968 cum
1082 3905 1453 3987 Phylarchi
1499 3906 1856 3969 traditione
1904 3908 1989 3969 de
2037 3910 2252 3970 mor'te
2299 3906 2731 3980 Archidami;
2773 3907 3076 3988 denique

883 4032 1169 4085 mortem
1231 4021 1566 4104 Antigoni
1628 4024 1873 4085 eodem
1929 4024 2132 4102 modo
2190 4024 2508 4105 exposuit
2551 4023 2888 4104 Polybius
2939 4041 3076 4103 quo

887 4137 1293 4201 Plutarchus
1311 4186 1325 4212 ,
1374 4148 1443 4201 et
1488 4139 1545 4200 is
1590 4138 2052 4219 Phylarchum
2099 4149 2445 4203 auctorem
2488 4140 2795 4201 nominat
2835 4136 2899 4218 1).

981 4389 1018 4467 “)
1059 4392 1182 4450 Pol.
1228 4394 1302 4450 II.
1352 4410 1423 4465 70
1467 4400 1495 4463 ξ
1539 4394 1606 4466 6;
1652 4393 1796 4451 Plut.
1847 4393 2069 4451 Cleom.
2108 4354 2167 4451 oc.
2215 4412 2310 4468 30.
