3375 5084
1224 1183 1538 1247 CAPUT
1602 1184 1686 1247 II.

400 1437 481 1477 DE
526 1436 799 1489 ALIQUOT
844 1435 1148 1476 PARTIBUS
1197 1435 1366 1489 QUAE
1412 1436 1500 1476 AD
1547 1435 1783 1477 CERTOS
1830 1435 2132 1489 QUOSDAM
2181 1436 2505 1477 AUCTORES

1160 1552 1428 1592 REFERRI
1473 1551 1746 1593 POSSINT.

959 1757 1018 1827 Ι.
1110 1755 1457 1848 Regnum
1510 1755 1954 1828 Romanum.

455 1992 565 2054 De
625 1992 888 2074 imperii
945 1992 1244 2054 Romani
1290 1992 1690 2055 incunabilis
1710 1992 1715 1997 ’
1736 1995 1957 2075 deque
2003 2013 2246 2075 reg-um
2291 1972 2574 2075 tempo-¹

366 2086 552 2171 ribus
621 2108 782 2190 quid
850 2108 1199 2170 tradiderit
1271 2108 1599 2191 Polybius
1617 2158 1631 2184 ,
1702 2108 2127 2191 aliquatenus
2195 2129 2286 2171 ex
2343 2110 2551 2190 ipsius

330 2304 331 2307 Ἴ
369 2224 664 2305 reliquiis
709 2225 823 2287 vel
870 2225 1262 2287 recentioris
1310 2226 1552 2288 aetatis
1598 2225 2041 2307 scriptoribus
2088 2224 2264 2288 effici
2304 2235 2610 2341 potest..

369 2339 739 2422 Dionysius
807 2339 1029 2403 Halic.
1100 2351 1464 2423 antequam
1531 2342 1679 2423 ipse
1747 2342 2151 2405 sententiam
2215 2362 2406 2404 suam
2467 2343 2553 2405 de

371 2475 547 2517 anno
593 2475 729 2537 quo
776 2456 1048 2518 condita
1094 2456 1180 2518 sit
1224 2456 1457 2519 Roma
1502 2466 1770 2519 enarret
1816 2466 1887 2519 et
1933 2457 2349 2539 argumentis
2393 2477 2548 2519 con-

367 2570 590 2633 firmet
608 2619 622 2645 ,
669 2571 954 2634 aliorum
1003 2581 1353 2635 auctorum
1385 2571 1930 2634 ratiocinationes
1960 2543 2155 2634 brevi
2182 2581 2554 2652 conspectu

367 2697 695 2750 recenset.
765 2688 895 2752 His
940 2689 1158 2752 addit:
1207 2686 1280 2751 οὐ
1330 2691 1450 2773 γάρ
1498 2688 1724 2771 ἠξίουν
1784 2692 1869 2762 ὡς
1900 2684 2232 2773 Πολύβιος
2265 2692 2299 2753 ὁ
2325 2693 2552 2766 Μεγα-

372 2800 722 2887 λοπολίτης
793 2813 1098 2872 τοσοῦτον
1164 2809 1364 2886 μόνον
1432 2810 1674 2881 εἰπεῖν,
1723 2805 1824 2869 ὅτι
1879 2811 2086 2881 ,,κατὰ
2134 2808 2205 2866 τὸ
2258 2802 2554 2888 δεύτερον

371 2921 515 2995 ἔτος
566 2927 674 3002 τῆς
727 2919 999 3005 ἑβδομῆς
1048 2917 1454 3004 ὀλυμπιάδος
1501 2926 1620 3003 τὴν
1670 2919 1940 3002 Ῥώμην
1992 2919 2293 2985 ἐκτίσθαι
2333 2923 2558 2983 πείθο-

369 3034 556 3118 μαι”,
610 3011 768 3102 οὐδ”
797 3038 901 3100 ἐπὶ
953 3043 1063 3103 τοῦ
1111 3042 1286 3118 παρὰ
1339 3042 1472 3110 τοῖς
1519 3038 1878 3121 ἀρχιερεῦσι
1929 3036 2044 3118 (sic
2088 3035 2395 3098 Niebuhr
2434 3055 2557 3116 pro

378 3170 465 3212 eo
531 3151 714 3231 quod
773 3152 844 3214 in
904 3153 1140 3215 codice
1196 3162 1342 3215 erat
1398 3150 1763 3239 οἷγχιστεῦσι
1785 3199 1801 3228 ,
1851 3151 2056 3214 R6m.
2106 3149 2350 3216 Gesch.
2396 3150 2447 3213 Ι.
2493 3170 2558 3232 p.

377 3269 505 3345 269
556 3267 706 3328 adn.
755 3270 882 3344 656
913 3264 975 3349 1))
1024 3269 1324 3349 κειμένου
1350 3271 1625 3343 πίνακος
1652 3269 1794 3344 ἑνὸς
1821 3271 1930 3333 καὶ
1959 3270 2162 3347 μόνου
2186 3273 2305 3346 τὴν
2333 3266 2554 3332 πίστιν

378 3380 822 3466 ἀβασάνιστον
891 3380 1299 3450 καταλιπεῖν.
1394 3383 1584 3446 Idem
1631 3383 1837 3446 tradit
1883 3382 2018 3446 Cic.
2066 3382 2171 3465 (de
2216 3381 2307 3444 R.
2354 3380 2429 3444 P.
2474 3380 2561 3445 II.

384 3519 407 3559 1
421 3496 517 3578 o):
595 3498 805 3573 „Nam
871 3500 960 3574 si,
1007 3500 1077 3562 id
1117 3500 1301 3582 quod
1349 3498 1767 3563 Graecorum
1811 3499 2261 3580 investigatur
2306 3498 2559 3560 annali-

378 3613 510 3676 bus
531 3661 546 3687 ,
606 3614 838 3678 Roma
882 3616 1157 3679 condita
1202 3625 1306 3679 est
1351 3617 1648 3678 secundo
1697 3634 1873 3676 anno
1922 3613 2368 3696 Olympiados
2413 3632 2561 3693 sep—

375 3729 638 3792 timae.'’
703 3768 786 3776 —
849 3729 1267 3795 Graecorum
1330 3732 1608 3793 annales
1653 3730 1719 3792 h.
1766 3731 1809 3792 1.
1856 3738 2011 3793 sunt
2055 3729 2209 3791 libri
2253 3727 2528 3808 Polybii
2546 3776 2560 3802 ,

375 3866 580 3927 quem
651 3857 1012 3930 antequam
1072 3847 1291 3911 Attici
1352 3848 1629 3910 annales
1693 3855 2116 3929 cognoverat
2169 3843 2407 3908 Cicero
2455 3843 2561 3904 his

378 3961 450 4023 in
520 3963 722 4025 rebus
791 3964 981 4045 sequi
1050 3963 1256 4027 solet:
1319 3965 1502 4044 quod
1563 3963 1603 4024 1.
1665 3963 1708 4025 1.
1770 3962 2020 4024 diserte
2083 3960 2272 4022 addit
2327 3979 2382 4021 c.
2447 3979 2559 4035 14:

363 4345 369 4351 ⁶
466 4254 510 4335 ¹)
551 4258 729 4317 Hanc
772 4258 1173 4319 coniecturam
1216 4259 1294 4318 ab
1335 4257 1499 4317 omni
1539 4255 1906 4317 dubitatione
1937 4253 2076 4314 satis
2102 4252 2365 4314 defendit
2393 4256 2568 4315 Peter

370 4353 534 4414 Hist.
570 4357 747 4417 Rom.
769 4359 918 4417 Rell.
942 4356 1100 4435 Lips.
1130 4359 1282 4433 1870
1305 4378 1363 4434 p.
1387 4358 1579 4415 XXII.
1605 4357 1709 4416 cfr.
1731 4356 2062 4433 Schwegler
2082 4356 2159 4413 R.
2182 4355 2259 4414 G.
2283 4356 2330 4413 Ι.
2347 4374 2406 4430 p.
2430 4356 2485 4413 8.
2509 4375 2565 4427 4.
