3375 5084
1747 386 1875 444 254

719 562 1099 642 composuit
1115 609 1129 635 ,
1198 580 1335 622 non
1402 561 1545 623 sine
1616 561 1910 642 quadam
1978 569 2123 622 arte
2191 560 2260 621 id
2327 560 2474 641 egit
2491 608 2505 634 ‚
2576 569 2650 622 ut
2710 560 2900 621 varia

715 676 1254 739 adversariorum
1322 676 1545 740 studia
1605 684 1676 738 et
1738 675 2089 757 opiniones
2151 675 2391 737 lectori
2450 684 2895 756 proponeret;

712 794 943 873 itaque
1006 792 1238 874 magni
1295 792 1756 854 aestimandae
1802 801 1957 854 sunt
1973 840 1987 866 ‚
2036 791 2300 854 etiamsi
2343 789 2545 860 facile
2595 791 2900 853 concedo

713 918 929 971 artem
975 907 1248 989 Polybii
1291 906 1677 970 inferiorem
1724 928 1875 970 esse
1921 907 2358 988 Thucydidis.

804 1022 985 1105 Quid
1042 1032 1198 1086 ante
1266 1045 1287 1084 1
1302 1027 1382 1102 67
1440 1023 1527 1085 de
1572 1023 1910 1086 Romanis
1959 1023 2296 1085 censuerit
2335 1020 2670 1104 Polybius
2715 1021 2902 1082 dictu

712 1137 1047 1201 difficilius
1135 1147 1240 1200 est
1263 1185 1278 1211 ‚
1368 1158 1522 1201 cum
1592 1138 1995 1201 sententiam
2064 1153 2254 1200 suam
2323 1138 2687 1200 iuvenilem
2757 1135 2901 1198 fere

714 1254 1076 1329 celaverit;
1156 1254 1243 1316 de
1312 1273 1395 1316 ea
1462 1274 1667 1335 supra
1736 1254 1868 1336 egi.
1982 1252 2236 1316 Postea
2308 1273 2463 1316 cum
2531 1252 2858 1316 scriberet
2881 1300 2897 1325 ‚

713 1371 955 1433 eadem
1000 1370 1258 1451 pietate
1305 1389 1439 1450 qua
1484 1379 1688 1432 antea
1733 1370 2053 1444 Aratum,
2086 1370 2219 1431 iam
2251 1367 2636 1450 ScipioneS,
2660 1367 2898 1429 Aemi-

712 1487 840 1550 lios
856 1535 871 1561 ,
941 1506 1178 1548 eorum
1245 1486 1499 1548 amicos
1515 1534 1530 1560 ‚
1592 1486 1953 1567 amplexus
2015 1495 2177 1548 erat.
2285 1485 2897 1549 Percunctantibus

709 1604 906 1667 nobis
967 1602 1130 1685 quid
1195 1611 1339 1665 tum
1385 1604 1472 1665 de
1517 1603 1801 1684 imperio
1848 1603 2168 1665 Romano
2185 1651 2199 1676 ,
2246 1602 2334 1664 de
2381 1611 2564 1665 statu
2608 1602 2897 1684 reliqua-

711 1739 860 1782 rum
931 1719 1238 1802 gentium
1256 1768 1270 1794 ,
1336 1719 1423 1782 de
1485 1719 1768 1782 consilio
1831 1716 2124 1783 Senatus
2142 1767 2155 1793 ,
2223 1719 2516 1800 denique
2566 1719 2652 1780 de
2697 1719 2901 1780 rebus

713 1835 1006 1898 romanis
1061 1835 1358 1897 externis
1403 1834 1802 1898 iudicaverit
1847 1834 2176 1916 Polybius
2223 1871 2305 1878 —-
2352 1853 2511 1895 nam
2559 1835 2647 1895 de
2691 1834 2897 1896 rebus

715 1952 1103 2015 domesticis
1122 2000 1136 2026 ,
1195 1953 1281 2014 de
1328 1950 1872 2015 contentionibus
1916 1951 2139 2032 plebis
2184 1960 2254 2013 et
2298 1950 2734 2032 patriciorum
2752 1997 2766 2024 ‚
2812 1951 2901 2011 de

711 2077 1056 2150 potestate
1128 2068 1552 2131 comitiorum
1620 2088 1776 2130 eum
1847 2077 2108 2131 certum
2176 2068 2519 2149 quoddam
2582 2065 2902 2129 iudicium

713 2185 948 2248 tulisse
1010 2204 1147 2246 non
1207 2185 1547 2259 videmus;
1611 2184 1774 2247 satis
1833 2185 2073 2247 habuit
2135 2204 2218 2247 ea
2278 2183 2677 2265 exposuisse
2723 2203 2900 2265 quae

713 2310 829 2363 aut
873 2300 1020 2382 ipse
1066 2301 1553 2363 observaverat
1601 2309 1720 2363 aut
1766 2320 1805 2362 e
1836 2299 2031 2362 Fabii
2049 2349 2063 2375 ,
2096 2298 2374 2363 Catonis
2399 2285 2685 2361 aliorum
2708 2298 2897 2361 libris

714 2425 1135 2498 cognoverat
1182 2414 1218 2493 ¹)
1283 2452 1363 2459 —-
1421 2416 1556 2477 hoc
1612 2416 1865 2497 ubique
1912 2415 2270 2497 apparebit
2286 2463 2301 2490 ,
2351 2435 2506 2477 eum
2554 2434 2710 2477 cum
2754 2411 2898 2477 Sci-

710 2530 989 2612 pionum
1057 2539 1251 2612 parte
1313 2531 1581 2594 stetisse
1644 2510 1715 2594 et
1777 2532 2028 2594 eadem¹
2075 2531 2430 2612 probanda
2445 2578 2460 2605 ,
2509 2530 2751 2592 eadem
2794 2548 2897 2591 re-

710 2647 1195 2729 prehendenda
1243 2646 1307 2709 ei
1352 2647 1568 2709 videri
1615 2667 1791 2728 quae
1839 2646 2073 2710 amicis
2114 2647 2257 2710 eius
2287 2647 2639 2710 Romanis.
2700 2644 2904 2727 Quod

710 2772 787 2825 ut
853 2764 1138 2844 probem
1157 2810 1171 2835 ,
1245 2762 1454 2824 exilia
1512 2771 1775 2825 tantum
1834 2761 2218 2845 fragmenta
2285 2759 2665 2843 Polybiana
2734 2760 2899 2822 mihi

711 2878 1184 2960 suppeditant3
1234 2879 1355 2940 sed
1402 2898 1485 2940 ea
1531 2898 1807 2960 quoqua
1835 2879 2189 2942 materiem
2221 2879 2519 2960 aliquam
2548 2869 2898 2960 praebent.

713 2994 1081 3059 Consilium
1142 2992 1436 3059 Senatus
1459 3044 1473 3070 ,
1536 2995 1649 3058 vel
1712 2996 1895 3077 quod
1956 2996 2182 3077 potius
2230 2996 2451 3058 dicam
2499 2995 2645 3068 eius
2691 2993 2905 3075 partis

711 3130 887 3193 quae
963 3121 1106 3175 tum
1166 3111 1234 3173 in
1297 3108 1556 3175 Senatu
1599 3112 1944 3192 potentior
1990 3120 2136 3174 erat
2153 3159 2167 3186 ‚
2213 3131 2350 3172 non
2394 3110 2610 3172 semel
2655 3108 2903 3190 impro-

711 3226 905 3289 bavit
948 3225 1314 3308 Polybius;
1363 3227 1622 3308 aliquot
1667 3226 1835 3289 locis
1881 3228 2131 3289 diserte
2178 3227 2367 3288 addit
2398 3246 2552 3288 eam
2584 3246 2626 3287 a
2649 3224 2910 3287 iustitia

713 3352 784 3405 et
854 3342 1200 3423 aequitate
1262 3341 1474 3424 longe
1536 3343 1904 3405 aberrasse.
1997 3341 2114 3407 Sic
2172 3343 2418 3405 acerbe
2464 3341 2908 3423 reprehendit

713 3458 896 3539 quod
959 3456 1307 3521 Callicrati
1368 3477 1600 3520 aurem
1660 3458 2052 3539 praebuerit
2070 3506 2084 3532 ‚
2140 3477 2348 3540 quare
2394 3455 2650 3519 factum
2696 3455 2783 3518 sit
2827 3465 2913 3517 ut

716 3594 882 3636 mox
936 3572 1400 3636 adulatoribus
1446 3573 1675 3647 multis
1722 3573 2132 3655 comparatis
2146 3621 2161 3647 ,
2207 3573 2388 3635 veris
2433 3571 2670 3634 amicis
2717 3591 2913 3633 caru-

804 3895 850 3977 ¹)
891 3895 1137 3969 Nitzsch
1177 3894 1506 3978 (Polybius)
1549 3915 1687 3955 cum
1732 3894 2066 3973 Scipionem
2105 3895 2392 3957 libertatis
2433 3892 2736 3975 popularis
2770 3893 2921 3953 den-

715 3995 1009 4056 fensorem
1078 3993 1253 4055 fuisse
1314 4005 1636 4069 statueret,
1703 4014 1884 4073 quam
1947 4014 2189 4055 causam
2250 4005 2451 4054 tamen
2512 3994 2711 4071 paullo
2771 4002 2918 4053 ante

714 4103 969 4154 mortem
1035 4113 1157 4153 non
1211 4093 1334 4155 sine
1387 4094 1683 4155 dedecore
1739 4092 2121 4168 deseruisset,
2164 4092 2479 4171 Polybium
2518 4090 2693 4152 huius
2734 4090 2922 4151 studii

716 4191 942 4252 socium
964 4213 965 4216 ¹
985 4202 1047 4252 et
1087 4193 1378 4253 fautorem
1418 4193 1594 4253 fuisse
1634 4201 1856 4252 censet.
1917 4194 2076 4253 Tota
2115 4193 2265 4252 haec
2306 4190 2458 4252 ratio
2500 4200 2794 4268 quatenus
2830 4191 2920 4250 ad

715 4291 781 4348 P.
826 4289 1080 4367 pertinet
1121 4290 1296 4350 certis
1338 4290 1700 4371 argumentis
1742 4309 1944 4352 carere
1986 4289 2128 4351 mihi
2168 4290 2418 4353 videtur.
2486 4291 2769 4352 Ceterum
2804 4290 2919 4348 cfr.

717 4407 896 4464 supra
959 4410 1015 4465 p.
1065 4390 1176 4465 178
1220 4400 1278 4449 et
1327 4393 1434 4468 185
1481 4400 1539 4450 et
1586 4390 1718 4467 198.
1851 4381 1857 4389 ⁴
