3375 5084
1375 363 1495 423 237

332 541 908 621 reprehendemus
956 537 1333 619 ‘Polybium
1397 538 1486 598 ob
1541 557 1625 597 ea
1669 557 1845 617 quae
1865 584 1878 611 ‚
1926 535 2206 599 Aemilii
2253 538 2521 600 castita-

331 666 474 719 tem
533 674 885 736 exponens
901 703 915 726 ,
980 655 1066 715 de
1128 653 1430 715 Aristide
1478 661 1548 714 et
1592 651 2061 732 Epaminonda
2108 654 2297 715 addit
2313 702 2327 727 ‚
2373 654 2520 715 viro

336 768 603 834 Graeco
664 770 974 851 indigna;
1028 788 1274 849 nempe
1320 766 1599 829 Aemilii
1645 768 1965 848 exemplo
2014 788 2324 830 eversam
2370 789 2521 831 esse

330 885 583 948 famam
631 886 869 947 horum
916 885 1213 946 virorum
1245 904 1379 965 qua
1410 884 1499 945 ob
1523 884 1987 965 integritatem
2011 885 2194 964 apud
2219 882 2519 948 Graecos

329 1000 714 1064 fruerentur
761 995 819 1082 1).
886 1037 967 1044 -
1018 999 1310 1063 Omnino
1356 1018 1546 1061 amor
1590 999 1851 1079 patriae
1896 1018 2137 1080 parum
2191 999 2408 1061 valuit
2456 1000 2524 1061 in

331 1117 606 1198 Polybii
651 1116 996 1179 iudicandi
1043 1116 1321 1179 ratione.
2013 1200 2019 1210 ι

420 1233 692 1314 Polybii
752 1230 877 1294 fuit
936 1232 1041 1293 vir
1100 1250 1394 1313 magnae
1452 1231 1744 1311 pietatis.
1835 1230 2067 1293 Pietas
2112 1239 2342 1293 autem
2384 1232 2513 1293 hac

331 1348 401 1409 in
474 1367 547 1409 re
610 1348 905 1410 cernitur
964 1356 1040 1409 ut
1099 1367 1254 1409 cum
1309 1346 1691 1409 reverentia
1736 1348 2028 1427 quadam
2075 1347 2377 1409 colamus
2423 1367 2526 1408 re-

329 1464 758 1526 cordationes
828 1462 1197 1525 iuventutis
1213 1512 1229 1544 ‚
1296 1461 1501 1523 animi
1562 1461 1847 1524 affectus
1906 1462 2071 1524 olim
2117 1463 2490 1525 concitatos
2511 1510 2526 1535 ,

328 1580 702 1661 imaginem
748 1588 1106 1660 parentum
1154 1588 1224 1641 et
1268 1598 1492 1640 rerum
1538 1579 1627 1640 ab
1672 1579 1780 1640 his
1824 1587 2191 1660 gestarum.
2253 1579 2521 1642 Pietate

332 1695 622 1760 efficitur
682 1705 758 1759 ut
820 1716 995 1777 quae
1050 1696 1332 1758 iuvenes
1377 1694 1624 1758 iudicio
1670 1696 1971 1757 nondum
2016 1695 2435 1759 conformato
2483 1717 2526 1758 a

329 1813 726 1894 parentibus
783 1811 897 1874 vel
961 1811 1326 1874 maioribus
1373 1811 1760 1891 concupisci
1806 1810 2097 1873 vidimus
2143 1820 2214 1873 et
2259 1811 2524 1892 accepi·

333 1949 484 1991 mus
503 1978 518 2004 ,
579 1938 823 2009 postea
880 1947 1151 2009 quoque
1213 1937 1440 1990 aetate
1502 1927 1751 1989 adultis
1811 1927 2008 1989 nobis
2052 1928 2245 2008 quasi
2291 1937 2528 1990 sancta

331 2054 402 2108 et
464 2046 673 2107 etiam
732 2064 858 2126 per
915 2065 989 2107 se
1052 2046 1441 2125 expetenda
1501 2044 1860 2106 videantur
1878 2093 1892 2118 ‚
1940 2063 2115 2124 quae
2160 2044 2241 2106 iis
2288 2045 2526 2106 odiosa

329 2161 577 2225 fuerint
593 2210 607 2236 ‚
672 2169 994 2242 tanquam
1057 2181 1382 2243 magnum
1441 2180 1567 2241 per
1625 2180 1701 2222 se
1760 2160 2010 2222 malurn
2057 2181 2099 2222 a
2143 2161 2339 2223 nobis
2384 2181 2521 2223 res-

331 2286 641 2359 puantur.
733 2277 1064 2358 Polybius
1110 2297 1194 2338 ea
1239 2277 1533 2356 decepta
1578 2286 1683 2339 est
1700 2324 1714 2349 ‚
1763 2284 1832 2338 et
1876 2284 2018 2337 tam
2063 2295 2337 2356 prorsus
2379 2276 2522 2357 qui·
2553 2260 2559 2265 ⁸

331 2394 490 2456 dem
508 2442 522 2468 ‚
570 2402 645 2455 ut
689 2393 836 2474 ipse
881 2413 1018 2454 non
1063 2392 1614 2454 animadverterit
1660 2411 1735 2453 se
1782 2391 2119 2453 contraria
2159 2391 2524 2454 miscuisse.

330 2509 507 2572 Nam
579 2528 732 2570 cum
792 2508 975 2570 vitae
1034 2507 1439 2571 curriculum
1502 2527 1586 2569 eo
1634 2526 1791 2569 eum
1837 2507 2109 2569 duxerit
2126 2555 2140 2581 ,
2186 2516 2262 2569 ut
2306 2507 2526 2587 patria

331 2624 527 2705 quasi
582 2633 844 2686 mutata
900 2623 1122 2686 socius
1168 2624 1639 2685 Romanorum
1679 2622 1724 2703 2)
1742 2671 1756 2696 ,
1804 2622 1965 2703 quin
2012 2622 2217 2684 etiam
2265 2622 2523 2685 Roma-

330 2761 457 2802 nus
517 2740 664 2821 ipse
722 2740 809 2802 sit
861 2739 1079 2803 factus
1096 2789 1109 2813 ,
1159 2759 1312 2802 cum
1356 2740 1682 2801 librorum
1730 2738 2370 2801 conscribendorum
2416 2759 2517 2800 ar-

331 2866 733 2939 gumentum
781 2856 912 2917 sibi
957 2855 1317 2935 sumpserit
1361 2855 1649 2936 primum
1697 2855 2181 2935 praestantiam
2203 2855 2521 2936 reipubli-

336 2993 461 3035 cae
506 2972 868 3034 Romanae
915 2991 1049 3052 qua
1094 2971 1269 3034 intra
1317 2990 1396 3048 53
1432 2991 1659 3032 ‘annos
1688 2980 1840 3062 tam·
1861 2971 2070 3052 longe
2097 2970 2523 3052 processerit,

334 3088 624 3151 alterum
666 3097 977 3149 naturam
1007 3087 1271 3168 imperii
1300 3087 1602 3149 Romani
1634 3106 1771 3168 qua
1793 3087 2074 3169 dignum
2099 3087 2186 3150 sit
2210 3087 2523 3162 omnium,

331 3203 638 3285 inprimis
686 3201 1104 3266 Graecorum
1150 3203 1597 3284 obsequentia
1638 3200 1680 3283 ³)
1701 3251 1715 3277 ‚
1762 3212 1992 3264 tamen
2037 3203 2104 3264 in
2153 3204 2528 3265 enarranda

335 3319 565 3400 priore
633 3328 828 3400 parte
897 3338 1119 3381 rerum
1190 3317 1602 3382 Graecarum
1628 3367 1642 3393 ‚
1714 3339 1803 3380 ex
1874 3319 2181 3401 angustis
2250 3328 2320 3381 et
2379 3295 2529 3381 exi-

332 3435 514 3497 libus
575 3434 813 3498 studiis
872 3433 1074 3497 Arati
1135 3455 1209 3497 se
1273 3436 1572 3497 eximere
1641 3455 1778 3496 non
1841 3435 2093 3515 potuit,
2156 3441 2250 3497 et'
2287 3455 2371 3497 eo
2431 3434 2526 3496 in·
2623 3441 2627 3446 “

339 3550 763 3613 constantiae
825 3550 1134 3631 pervenit
1151 3599 1166 3625 ‚
1236 3560 1310 3624 ut
1371 3552 1587 3613 altero
1648 3549 1805 3613 loco
1850 3550 2400 3632 Peloponnesum
2460 3552 2529 3612 in

335 3665 664 3728 ditionem
729 3665 1121 3728 Romanam
1192 3666 1420 3748 subigi
1488 3687 1561 3728 se
1630 3667 1837 3729 malle
1898 3666 2146 3729 dixerit
2210 3687 2415 3748 quam
2460 3667 2529 3729 in

340 3763 859 3844 Macedonicam
892 3781 935 3863 ⁴)
954 3830 968 3856 ,
1030 3782 1247 3845 altero
1307 3782 1597 3845 Aratum
1644 3782 1967 3845 defendat
2001 3784 2127 3876 ‘qui
2170 3783 2527 3865 imperium

350 4077 1169 4159 ·¹)XXX11.8§5sqq.

417 4174 468 4257 .²)
511 4185 789 4259 Σύμμαχος
822 4176 1085 4259 Ῥωμαίων
1126 4177 1188 4236 in
1227 4176 1610 4255 inscriptione
1654 4186 1883 4239 statuae
1924 4179 2088 4256 apud
2128 4181 2303 4239 Paus.

421 4273 1170 4357 ³)HI.4§1‚§6sq.

420 4372 472 4456 4)
512 4376 580 4433 P.
622 4376 930 4434 XXXVII.
976 4376 1040 4434 80
1079 4383 1108 4448 ὅ
1156 4396 1183 4434 1
1230 4394 1316 4452 sq.
1360 4376 1484 4436 Pol.
1527 4395 1624 4453 ap.
1667 4375 1794 4436 Liv.
1838 4377 2024 4436 XLII.
2069 4396 2123 4438 c.
2168 4396 2245 4453 30
2288 4376 2445 4437 med.
