3375 5084
1900 363 2024 417 204

873 539 943 599 in
1012 537 1246 600 castris
1314 536 1647 599 Romanis
1717 544 1862 598 erat
1877 584 1892 610 ‚
1962 535 2084 597 sed
2151 533 2318 596 nihil
2386 533 2556 596 certi
2625 533 2755 595 hac
2823 533 2907 595 de
2971 552 3039 595 re

874 660 1173 734 apparet,

962 768 1111 830 Res
1156 767 1368 830 Asiae
1414 777 1483 830 et
1528 766 1842 849 Aegypti
1888 787 1930 828 a
1974 767 2149 829 libro
2194 765 2430 847 quinto
2476 764 2832 845 quotannis
2862 764 3038 826 addi-

876 885 973 947 dit
1017 883 1361 965 Polybius,
1431 883 1648 950 Plena
1693 891 2051 964 supersunt
2097 902 2181 944 eo
2227 882 2401 944 libro
2447 881 2633 943 bella
2678 882 2766 942 ab
2812 879 3042 943 Antio-

874 1000 1004 1062 cho
1049 999 1309 1081 Magno
1356 1017 1512 1061 cum
1557 998 1838 1060 Molone
1884 1007 1953 1060 et
1999 1016 2151 1060 cum
2183 996 2581 1059 Ptolemaeo
2613 995 3047 1076 Philopatore

873 1124 1073 1197 gesta
1131 1109 1549 1198 (222—217).
1643 1113 1814 1177 Cum
1864 1113 2066 1176 huius
2110 1112 2352 1194 partiS,
2398 1121 2543 1175 tum
2585 1110 3042 1193 proximarum

874 1231 1118 1312 quibus
1163 1250 1273 1292 res
1318 1229 1529 1292 Asiae
1577 1239 1646 1292 et
1692 1228 2007 1312 Aegypti
2049 1237 2404 1291 narrantur
2420 1276 2435 1302 ‚
2468 1227 2784 1308 copiosos
2815 1225 3049 1289 habuit

874 1345 1134 1420 fontes;
1225 1346 1407 1426 quod
1492 1354 1765 1427 praeter
1837 1364 1947 1406 res
2021 1343 2189 1406 belli
2265 1343 2629 1425 diligenter
2706 1342 3051 1423 expositas

876 1462 1239 1523 ostendunt
1316 1461 1387 1522 hi
1444 1460 1615 1524 loci:
1675 1459 1763 1522 V.
1829 1463 2090 1537 63—66
2150 1458 2700 1541 praeparationes
2760 1457 2928 1520 belli
2987 1457 3052 1518 in

875 1575 1209 1657 Aegypto
1255 1576 1477 1639 factae
1522 1575 1791 1657 prolixe
1839 1583 1909 1637 et
1955 1582 2269 1637 accurate
2314 1580 2768 1636 recensentur.
2807 1571 2965 1633 VII.
2998 1591 3051 1634 c.

885 1715 907 1755 1
923 1713 1048 1771 5——
1063 1715 1084 1754 1
1100 1715 1138 1773 9
1200 1692 1606 1776 (Antiochus
1668 1690 1921 1755 Sardes
1981 1691 2187 1773 capit)
2245 1690 2521 1753 brevius
2567 1688 2864 1751 absolvit
2907 1708 3051 1750 nar-

875 1809 1205 1872 rationem
1252 1809 1618 1872 obsidionis
1665 1808 1853 1872 cuius
1898 1817 2134 1871 auctor
2163 1808 2306 1870 eius
2339 1806 2545 1869 etiam
2577 1804 3057 1867 minutissimos

878 1945 1072 1988 casus
1117 1925 1599 2007 descripserat,
1656 1945 1729 2003 15
1780 1930 1811 2001 g
1868 1946 1890 1986 1
1947 1926 2091 2006 περὶ
2142 1909 2234 1987 ὧν
2270 1931 2538 2007 γράφειν
2567 1925 2647 1984 τὰ
2672 1923 2841 1986 κατὰ
2864 1921 3053 2004 μέρος

877 2042 949 2105 οὐ
995 2046 1194 2124 μόνον
1245 2036 1569 2122 ἀνωφελὲς
1616 2036 1784 2105 ἀλλὰ
1834 2045 1943 2104 καὶ
1990 2041 2240 2121 μακρὸν
2290 2041 2376 2104 ἂν
2426 2040 2524 2121 εἴη
2558 2036 2784 2113 τελέως
2812 2037 3058 2099 -alia

878 2156 1224 2219 eiusmodi.
1293 2155 1624 2219 Novimus
1670 2165 1899 2218 autem
1946 2155 2233 2218 alterum
2279 2155 2538 2217 bellum
2584 2156 2673 2216 ab
2709 2152 3056 2216 Antiocho

875 2272 1136 2354 Magno
1183 2292 1240 2335 a.
1292 2293 1408 2335 201
1466 2292 1618 2336 cum
1663 2292 1832 2354 rege
1878 2271 2191 2354 Aegypti
2221 2271 2307 2334 de
2341 2270 2733 2353 Coelesyria
2762 2280 3054 2353 gestum,

877 2398 947 2452 et
1011 2388 1345 2471 proelium
1413 2390 1502 2451 ad
1568 2388 1858 2451 Panium
1925 2388 1995 2450 in
2054 2407 2138 2450 eo
2203 2388 2635 2450 commissum
2697 2407 2739 2449 a
2786 2385 3059 2448 Zenone

875 2504 1158 2568 Rhodio
1226 2505 1638 2586 descriptum
1706 2502 1911 2566 fuisse
1972 2504 2071 2590 (P.
2132 2503 2328 2568 XVI.
2393 2524 2447 2566 c,
2518 2504 2639 2586 18).
2729 2502 3062 2584 Polybius

879 2620 1218 2684 Zenonem
1262 2621 1332 2683 in
1377 2620 1637 2702 aliquot
1682 2620 1959 2700 quidem
2001 2620 2206 2682 rebus
2251 2619 2593 2700 vituperat
2610 2666 2624 2693 ,
2671 2618 2795 2681 sed
2833 2627 3065 2680 tamen

879 2757 1036 2800 eum
1080 2737 1373 2818 Polybio
1420 2746 1768 2800 auctorem
1812 2735 2019 2799 fuisse
2066 2735 2250 2798 haud
2293 2734 2690 2798 incredibile
2738 2742 2859 2796 est.
2948 2730 3061 2798 Sic

880 2853 1085 2916 etiam
1147 2872 1254 2915 res
1302 2852 1724 2916 Cretensium
1769 2871 2022 2933 magna
2068 2872 2159 2914 ex
2202 2861 2396 2933 parte
2443 2850 2834 2914 auctoribus
2869 2850 3061 2912 Rho-

881 2968 1006 3031 diis
1051 2969 1285 3031 deberi
1330 2969 1493 3031 mihi
1537 2969 1867 3031 videntur.

969 3083 1342 3147 Auctorum
1405 3085 1871 3148 Romanorum
1932 3083 2001 3145 in
2059 3084 2265 3146 rebus
2326 3082 2606 3147 Graecis
2666 3102 2801 3144 non
2845 3082 3065 3145 multa

880 3200 1174 3283 vestigia
1220 3210 1473 3264 extant.
1550 3201 1660 3264 De
1707 3200 2035 3282 scriptore
2080 3219 2303 3263 rerum
2348 3199 2424 3261 P.
2472 3197 2808 3280 Scipionis
2853 3199 3061 3261 modo

884 3317 1016 3398 egi.
1108 3316 1513 3380 Plut'archus
1558 3316 1756 3400 (Cato
1775 3365 1789 3391 ‚
1836 3315 2035 3379 Aem.
2083 3312 2387 3394 Paullus)
2432 3314 2732 3378 fontibus
2761 3334 2928 3376 usus
2963 3322 3066 3377 est

879 3432 1174 3494 romanis
1240 3453 1410 3514 quos
1477 3452 1638 3494 num
1703 3432 2114 3495 consuluerit
2174 3431 2506 3512 Polybius
2563 3451 2699 3493 non
2763 3438 3062 3503 constat,

883 3549 1006 3610 sed
1051 3548 1167 3629 qui
1214 3568 1365 3611 cum
1413 3548 1558 3610 eius
1603 3548 1987 3610 narratione
2033 3546 2409 3628 comparari
2440 3546 2717 3628 possint.
2763 3545 2844 3607 In
2872 3545 3063 3607 bello

884 3660 1167 3743 Syriaco
1237 3672 1307 3726 et
1373 3683 1610 3745 pugna
1671 3665 1760 3725 ad
1820 3663 2317 3744 Thermopylas
2375 3683 2431 3724 a.
2489 3683 2510 3723 1
2526 3684 2599 3741 91
2657 3671 2859 3743 gesta
2903 3661 3065 3723 Plu-

885 3780 1122 3842 tarcho
1190 3788 1426 3842 auctor
1484 3778 1610 3843 fuit
1672 3779 1842 3843 Cato
1860 3828 1874 3854 ,
1939 3780 2052 3859 qui
2104 3799 2212 3841 res
2257 3779 2346 3841 ab
2392 3780 2540 3860 ipso
2585 3779 2654 3840 in
2700 3799 2784 3841 ea
2827 3798 3066 3860 pugna

885 3905 1119 3977 gestas
1181 3894 1539 3978 Originum
1600 3897 1776 3959 libro
1840 3905 2036 3959 sexto
2055 3944 2069 3971 ,
2132 3916 2300 3976 quas
2356 3915 2572 3958 senex
2622 3895 2922 3958 scribere
2970 3896 3065 3956 in-

886 4013 1098 4075 stituit
1142 4013 1397 4096 (Nepos
1446 4012 1615 4077 Cato
1667 4008 1731 4091 3)
1775 4013 2140 4076 memoriae
2178 4012 2539 4075 mandavit.
2606 4010 2851 4075 Omnia
2881 4031 3063 4092 quae

893 4126 1061 4190 Cato
1078 4176 1091 4202 ,
1140 4149 1294 4191 cum
1341 4130 1545 4191 rebus
1590 4129 1974 4203 interesset,
2024 4128 2276 4209 optime
2324 4127 2495 4191 scire
2535 4127 2785 4209 potuit,
2819 4129 3066 4190 eodem

889 4246 1091 4306 modo
1138 4265 1180 4305 a
1223 4245 1445 4321 Livio,
1492 4246 1607 4327 qui
1652 4245 1925 4326 Polybii
1969 4244 2394 4308 traditionem
2439 4244 2647 4307 latine
2695 4237 3061 4325 expressit,

891 4367 1075 4420 recte
1119 4349 1497 4436 narrantur;
1546 4361 1882 4443 quidquid·
1901 4360 2254 4442 discrepat,
2288 4360 2561 4424 Catonis
2584 4360 3060 4443 exaggerandi
