3375 5084
85 4638 100 4679 ffl„

1806 360 1921 401 102

767 533 1018 596 Dicere
1080 554 1216 595 non
1276 553 1635 614 possumus
1697 533 1881 614 apud
1940 553 2301 614 quemnam
2359 533 2705 596 annalium
2750 534 2958 615 scrip-

770 661 988 712 torem
1048 650 1121 711 id
1184 648 1435 730 legerit
1492 648 1759 722 Livius;
1823 650 2026 711 credo
2088 651 2271 730 apud
2333 669 2570 712 omnes
2629 670 2786 712 nam
2833 670 2960 712 eae

770 768 1019 828 breves
1082 765 1557 828 adnotationes
1603 786 1643 827 e
1687 764 1878 827 libris
1924 765 2098 855 alius
2144 767 2486 829 annalium
2533 744 2828 829 auctoris
2876 768 2969 828 ad

770 881 946 944 alius
1007 881 1438 964 perfluebant
1454 931 1468 957 ,
1531 893 1947 964 quamquam
1988 902 2126 945 non
2169 903 2442 965 semper
2487 884 2785 946 eandem·
2823 903 2961 945 ser-

768 994 1044 1061 vabant‘
1083 998 1371 1061 formam
1389 1048 1403 1074 ,
1450 1000 1574 1061 sed
1619 999 1958 1062 interdum
2006 1019 2160 1063 cum
2203 1000 2685 1081 prolixioribus
2728 1019 2956 1062 narra-

770 1115 1067 1178 tionibus
1143 1115 1772 1178 commiscebantur.
1901 1115 2126 1178 Etiam
2205 1115 2459 1179 Fabius
2533 1116 2692 1179 huic
2766 1117 2963 1178 brevi

771 1242 974 1293 notae
1044 1230 1267 1313 magis
1331 1231 1678 1313 copiosam
1740 1232 2191 1294 narrationem
2251 1252 2475 1294 rerum
2537 1252 2621 1294 eo
2670 1233 2970 1295 tumultu

773 1355 1127 1429 gestarum
1181 1346 1522 1409 addidisse
1577 1346 1876 1422 videtur,
1923 1346 2244 1429 quoniam
2290 1348 2625 1429 Polybius
2673 1368 2824 1410 eam
2874 1368 2971 1410 ex

773 1483 858 1524 eo
902 1462 1144 1524 hausit.

862 1576 1016 1640 Hoc
1091 1578 1295 1640 modo
1365 1579 1775 1660 explicanda
1836 1598 1986 1641 esse
2049 1578 2289 1660 opinor
2350 1600 2434 1642 ea
2494 1581 2707 1642 verba
2771 1578 2972 1641 Livii.

773 1693 1056 1756 Nullum
1123 1692 1268 1756 fere
1337 1693 1678 1758 Gallicum
1746 1695 2007 1758 bellum
2077 1696 2600 1788 describendum
2666 1697 2978 1759 habebat

775 1810 938 1891 quin
998 1810 1297 1891 aliquam
1356 1812 1937 1892 perturbationem
1992 1813 2106 1874 vel
2162 1813 2539 1875 dissensum
2585 1811 2973 1876 offenderet

775 1927 845 1988 in
892 1927 1281 1989 auctoribus
1328 1947 1497 2008 quos
1544 1927 1933 1992 adhibebat.
2028 1925 2255 2009 Saepe
2301 1929 2370 1990 id
2417 1928 2624 1991 etiam
2669 1948 2968 2010 conque-

776 2051 918 2104 stus
979 2052 1100 2104 est.
1191 2041 1325 2105 Hic
1387 2042 1732 2124 (Claudius
1792 2043 1912 2106 VI.
1971 2065 2024 2107 c.
2088 2043 2192 2125 42)
2238 2064 2544 2126 pugnam
2590 2045 2827 2108 Manlii
2875 2047 2973 2108 ad

777 2157 963 2219 aliud
1022 2157 1283 2220 bellum
1344 2157 1714 2234 referebat3
1777 2158 1895 2221 ille
1952 2159 2270 2241 (Licinius
2317 2159 2554 2224 Macer
2597 2160 2750 2223 VII.
2799 2181 2855 2223 e.
2907 2160 2974 2242 9)

784 2273 1184 2336 dictatorem
1238 2271 1629 2354 Quinctium
1675 2276 1766 2338 ob
1817 2273 2054 2338 Gallos
2101 2285 2405 2339 creatum
2453 2297 2603 2339 esse
2648 2278 2977 2359 negabat.

777 2389 950 2451 Mihi
1008 2408 1409 2470 persuasum
1464 2399 1569 2452 est
1587 2439 1601 2464 ,
1648 2389 1921 2481 Livium
1967 2392 2132 2454 satis
2176 2392 2391 2454 libere
2439 2412 2595 2455 cum
2639 2392 2773 2454 illis
2816 2413 2975 2454 nar-

778 2504 1153 2567 rationibus
1213 2505 1439 2587 egisse
1456 2553 1471 2580 ,
1534 2514 1605 2568 et
1666 2506 1736 2568 id
1797 2515 2060 2569 tantum
2122 2507 2539 2588 spectavisse
2600 2517 2677 2570 ut
2731 2527 2976 2570 omnes

778 2621 1046 2684 fabulas
1062 2671 1075 2697 ‚
1124 2642 1166 2684 a
1211 2641 1642 2704 quocumque
1687 2623 1972 2686 traditas
1989 2672 2003 2698 ,
2050 2624 2119 2685 in
2154 2624 2368 2686 libros
2396 2644 2556 2687 suos
2590 2624 2973 2707 colligeret,

781 2747 852 2801 et
867 2788 881 2814 ‚
944 2739 1434 2802 recentioribus
1494 2740 1852 2803 annalibus
1916 2741 2159 2804 ductus
2176 2789 2190 2815 ,
2238 2761 2363 2822 per
2404 2741 2713 2824 singulos
2758 2762 2980 2804 annos

781 2855 974 2937 quasi
1051 2855 1502 2919 distribueret.
1626 2853 1769 2919 Sed
1842 2866 1919 2919 ut
1993 2848 2135 2920 hos'
2200 2877 2414 2920 annos
2491 2858 2934 2921 constitueret
2962 2908 2979 2934 ‚

781 2990 1003 3051 neque
1051 2969 1471 3034 dubitatione
1516 2991 1740 3052 neque
1788 2971 2063 3035 licentia
2109 2993 2280 3054 opus
2328 2983 2503 3048 erat;
2554 2974 2618 3036 ei
2666 2983 2858 3037 erant
2885 2976 2980 3037 ad

784 3106 955 3168 quos
1022 3086 1091 3148 in
1161 3086 1451 3167 antiquis
1520 3071 1880 3151 annalibus
1949 3089 2347 3151 adnotatum
2416 3090 2732 3172 legebat:
2803 3091 2979 3166 „hoc

787 3222 963 3264 anno
1013 3201 1261 3266 Gallici
1292 3203 1621 3266 tumultus
1651 3205 2058 3287 praecipuus
2089 3215 2305 3268 terror
2336 3179 2683 3269 civitatem
2709 3206 2982 3287 tenuit’',

733 3372 738 3376 .
786 3319 901 3380 vel
955 3317 1176 3393 „Galli
1222 3320 1310 3381 ad
1335 3320 1630 3382 'tertium
1677 3320 1978 3402 lapidem
2024 3318 2288 3384 Salaria
2333 3322 2445 3384 via
2476 3332 2662 3385 trans
2693 3332 2980 3404 pontem

783 3434 1073 3496 Anienis
1137 3443 1361 3496 castra
1414 3435 1756 3498 habuere''
1811 3436 1984 3519 (VII.
2035 3460 2072 3517 9
2122 3443 2153 3514 g
2200 3436 2294 3518 6),
2341 3438 2458 3500 vel
2503 3428 2758 3520 aliquid
2803 3439 2982 3502 eius-

785 3551 968 3613 modi
1008 3545 1068 3626 ¹).

875 3667 981 3730 Ita
1025 3666 1283 3755 *factum
1332 3676 1436 3731 est
1481 3664 1559 3731 ut
1604 3668 1749 3732 fere
1796 3670 1886 3731 ad
1931 3670 2208 3732 eosdem
2249 3690 2461 3732 annos
2492 3670 2676 3753 apud
2706 3670 2985 3733 Livium

788 3793 857 3846 et
924 3784 1291 3865 Polybium
1359 3784 1685 3867 (Fabium)
1745 3787 2165 3850 narrationes
2221 3787 2569 3869 appositas
2627 3788 2945 3870 legamus
2966 3836 2982 3862 ,

790 3919 968 3980 quae
1039 3900 1313 3962 omnino
1384 3901 1727 3965 conciliari
1794 3923 1930 3965 non
1996 3903 2258 3984 possint
2274 3951 2288 3978 ,
2350 3904 2465 3965 vel
2527 3905 2615 3965 ad
2673 3905 2987 3968 diversos

878 4178 921 4260 ¹)
961 4180 1137 4238 Tales
1178 4180 1388 4239 breves
1429 4190 1606 4241 notae
1622 4226 1637 4254 ,
1681 4199 1830 4257 quas
1871 4181 2182 4258 plerasque
2223 4181 2404 4242 habet
2432 4181 2658 4258 LiviuS,
2685 4183 2996 4244 interdum

789 4275 967 4335 etiam
1011 4288 1280 4355 spectare
1321 4278 1597 4338 videntur
1640 4280 1720 4338 ad
1760 4279 1884 4339 illas
1926 4280 2297 4357 praedonum
2339 4279 2704 4341 incursiones
2747 4282 2824 4342 de
2869 4283 2999 4361 qui-

786 4375 898 4435 bus
940 4393 1118 4451 supra
1159 4375 1296 4434 dixi.
