3375 5084
1842 376 1957 432 152

811 545 1143 627 Polybius
1200 547 1275 628 (e.
1326 547 1457 626 61),
1506 568 1659 609 eum
1707 531 2075 612 lectoribus
2123 550 2481 611 ostendere
2527 548 2798 629 quidem
2847 546 3003 610 Cle-

810 662 1067 724 omenis
1144 662 1525 738 lenitatem,
1596 684 1732 745 qua
1806 665 1862 726 is
1938 664 2439 746 Megalopolim
2507 664 2746 725 urbem
2816 682 2857 724 a
2930 681 3005 723 se

809 786 1078 858 captam
1125 774 1406 849 fcivibus
1467 779 1802 861 integram
1863 780 2132 842 tradere
2195 779 2523 842 voluisset
2539 827 2553 853 ‚
2619 778 2741 840 sed
2785 778 3005 839 verbo

806 914 964 956 eum
1021 914 1158 956 non
1218 904 1505 977 tangere
1568 897 2015 960 constantiam
2083 896 2330 969 civium
2376 894 3005 978 Megalopolitano-

806 1030 955 1071 rum
973 1059 987 1084 ,
1035 1010 1149 1091 qui
1196 1011 1356 1072 dum
1405 1011 1603 1074 sociis
1647 1009 1889 1075 fideles
1935 1033 2009 1075 se
2056 1013 2495 1093 praeberent,
2540 1011 2834 1093 patriam
2867 1009 3003 1072 sibi

807 1125 975 1206 eripi
1036 1135 1445 1206 paterentur.
1537 1127 1647 1189 Ex
1711 1129 2022 1191 omnibus
2066 1129 2269 1191 rebus
2317 1147 2484 1209 quas
2532 1136 2771 1190 contra
2817 1126 3006 1207 Phy-

806 1242 1020 1304 larchi
1081 1239 1288 1304 fidem
1351 1240 1549 1307 affert
1593 1243 1924 1326 Polybius
1941 1294 1955 1320 ,
2003 1265 2137 1307 una
2184 1253 2449 1307 tantum
2493 1252 2681 1306 recte
2703 1291 2717 1318 ,
2766 1262 3009 1324 quam-

804 1377 1011 1438 quam
1073 1358 1386 1421 acerbius
1404 1408 1418 1433 ,
1481 1360 1952 1423 animadversa
2007 1369 2143 1435 est;
2191 1380 2355 1422 sane
2403 1368 2668 1422 constat
2713 1357 3005 1439 Phylar-

810 1472 1016 1535 chum
1079 1475 1408 1537 erravisse
1427 1523 1442 1550 ‚
1500 1497 1652 1538 cum
1698 1478 2025 1558 praedam
2070 1475 2498 1569 Megalopoli
2545 1496 2586 1537 a
2634 1474 3010 1537 Cleomene

810 1598 1124 1652 exactam
1181 1611 1307 1653 sex
1361 1591 1648 1666 millium
1692 1593 2103 1654 talentorum
2147 1591 2354 1654 fuisse
2400 1591 2703 1654 traderet
2748 1590 2825 1671 (c.
2876 1588 3037 1686 62).⁸

810 1701 954 1791 Sed
1023 1706 1226 1785 quam
1293 1704 1493 1769 facile
1563 1707 1632 1768 in
1700 1707 1805 1769 his
1865 1706 2161 1769 numeris
2223 1715 2483 1769 erretur
2547 1726 2589 1767 a
2635 1705 2965 1786 scriptore
2995 1752 3012 1778 ,

810 1820 957 1900 ipse
1002 1820 1333 1902 Polybius
1380 1822 1580 1886 docet
1598 1871 1612 1897 ,
1659 1823 1774 1904 qui
1820 1822 2283 1905 Phylarchum
2328 1820 2629 1885 refutans
2675 1819 3011 1901 exemplo

812 1936 1359 2013 Atheniensium,
1433 1959 1671 2002 eorum
1741 1944 1986 2022 τίμημα
2058 1960 2286 2004 errore
2354 1941 2599 2003 ductus
2666 1946 3020 2020 permutet

814 2072 969 2114 cum
1018 2052 1238 2133 pretio
1285 2054 1492 2117 totius
1538 2054 1637 2118 rei
1682 2054 2030 2120 familiaris
2075 2054 2615 2119 Atheniensium.

901 2166 1070 2229 Cum
1097 2146 1105 2155 ³
1133 2168 1343 2251 igitur
1402 2190 1511 2232 res
1570 2171 1753 2252 ipsas
1801 2191 1968 2252 quas
2012 2172 2127 2234 vel
2172 2169 2491 2234 finxisset>
2525 2170 2641 2232 vel
2691 2167 3012 2232 consulto

813 2283 1134 2346 mentitus
1196 2295 1375 2349 esset
1435 2285 1863 2370 Phylarchus
1915 2288 2136 2351 nullas
2185 2297 2405 2351 certas
2450 2287 2565 2349 vel
2610 2270 2816 2348 unam
2863 2292 3017 2346 tan-

814 2409 959 2462 tum
1034 2400 1432 2465 indicaverit
1499 2402 1831 2485 Polybius
1849 2453 1863 2479 ,
1937 2413 2173 2467 contra
2240 2405 2326 2466 de
2393 2402 2594 2473 Arati
2663 2400 2854 2463 libris
2926 2419 3016 2460 ea

816 2516 1050 2579 scribit
1096 2536 1274 2597 quae
1321 2519 1670 2599 aptissima
1717 2520 1848 2583 sint
1894 2521 1981 2582 ad
2025 2520 2224 2583 huius
2260 2514 2467 2582 fidem
2500 2517 3015 2581 debilitandam.

813 2631 916 2693 Ea
985 2633 1162 2695 enim
1233 2654 1410 2715 quae
1472 2636 1648 2697 inter
1709 2657 1783 2699 se
1846 2646 1917 2700 et
1969 2636 2400 2719 Antigonum
2446 2636 2982 2698 intercesserunt
3003 2682 3019 2706 ,

814 2767 979 2810 vere
1054 2758 1122 2812 et
1193 2749 1407 2842 libere
1480 2771 1827 2832 exponere
1894 2773 2029 2815 non
2095 2774 2300 2816 ausus
2363 2763 2466 2815 est
2524 2750 2784 2814 Aratus
2801 2798 2814 2824 ,
2879 2749 3022 2810 alia

812 2863 1103 2926 mutavit
1120 2912 1133 2938 ,
1181 2865 1317 2927 alia
1360 2866 1564 2946 plane
1612 2868 1836 2931 omisit
1873 2863 1945 2949 ¹),
1989 2869 2151 2950 quin
2194 2869 2403 2932 etiam
2433 2868 2562 2930 sibi
2592 2865 3019 2929 Macedones

814 3000 1018 3061 quam
1105 2982 1403 3045 maxime
1479 2982 1759 3049 infestos
1835 3005 2106 3067 semper
2179 2984 2388 3048 fuisse
2463 2983 2739 3047 simulat
2765 3031 2778 3057 ,
2860 3001 3018 3044 cum

813 3096 1064 3158 acriter
1109 3096 1178 3158 in
1226 3118 1344 3160 eos
1391 3099 1618 3161 invehi
1666 3101 1886 3163 soleat
1923 3099 1997 3182 2);
2045 3100 2374 3184 Polybius
2422 3120 2505 3162 ea
2553 3097 2866 3180 explevit
2908 3096 3014 3179 (II.

818 3211 1134 3292 48—51);
1215 3224 1445 3277 narrat
1520 3216 1710 3278 initia
1783 3216 2078 3280 foederis
2154 3238 2307 3280 cum
2385 3202 2759 3298 Antigono*
2816 3212 2978 3276 facti
2997 3234 3015 3287 3

817 3327 1093 3409 legatos
1139 3328 1768 3412 Megalopolitanos
1797 3333 2269 3415 Nicophanem
2302 3310 2372 3397 et
2404 3333 2760 3397 Cercidam
2794 3330 3009 3393 Arato

787 3453 1093 3505 ·auctore
1155 3445 1245 3506 ad
1308 3445 1737 3527 Antigonum
1798 3448 2040 3537 missos
2057 3440 2089 3523 ,¹
2132 3449 2405 3511 omnino
2452 3468 2630 3529 quae
2679 3447 2770 3508 ad
2817 3443 3008 3507 Anti-

815 3577 1081 3639 gonum
1142 3560 1438 3624 amicitia
1501 3563 1993 3627 conciliandum
2050 3576 2314 3629 secreto
2374 3585 2585 3648 agere
2632 3563 3009 3626 instituerat

905 3798 947 3882 ¹)
1003 3802 1131 3861 Pol.
1188 3804 1265 3862 II.
1321 3823 1372 3863 c.
1418 3825 1495 3878 40
1538 3813 1565 3878 ξ
1609 3826 1675 3881 9:
1722 3842 1800 3850 —
1843 3812 2052 3878 ἀδήλως
2087 3813 2223 3869 αὐτὰ
2262 3814 2507 3871 διενοεῖτο
2545 3816 2826 3890 χειρίζειν,
2866 3811 2921 3876 ἐξ
2956 3803 3014 3864 οὗ

808 3905 981 3960 πολλὰ
1035 3906 1178 3982 παρὰ
1233 3909 1327 3968 τὴν
1375 3909 1538 3965 αὑτοῦ
1588 3913 1795 3986 ’γνώμην
1841 3914 2167 3986 ἠναγκάζετο
2215 3913 2304 3968 καὶ
2353 3912 2516 3987 λέγειν
2567 3912 2657 3967 καὶ
2701 3918 2864 3968 ποιεῖν
2901 3907 3018 3982 πρὸς

808 4003 927 4067 τοὺς
976 4004 1119 4066 ἐκτός
1162 4033 1243 4043 --
1280 4001 1349 4059 ὧν
1389 4010 1543 4082 χάριν
1585 4006 1695 4063 ἔνια
1732 4011 1924 4064 τούτων
1964 4004 2074 4065 οὐδ’
2110 4010 2161 4064 ἐν
2198 4018 2307 4074 τοῖς
2340 4011 2685 4086 ὑπομνήμασι
2723 4009 3008 4074 κατέταξεν.

896 4093 948 4176 2)
1003 4098 1157 4157 Plut.
1214 4099 1386 4156 Arat.
1440 4118 1493 4158 c·
1540 4101 1616 4176 38
1663 4104 1749 4169 οὓς
1785 4099 2135 4183 (Μακεδόνας)
2171 4107 2325 4170 αὐτὸς
2361 4109 2411 4163 ἐν
2449 4116 2565 4171 ταῖς
2601 4110 2825 4183 πράξεσι
2862 4128 3012 4161 κατα-

815 4209 1121 4274 στρατηγῶν
1161 4203 1251 4257 καὶ
1289 4204 1838 4279 καταπολιτευόμενος,
1868 4206 1917 4260 ἐν
1945 4204 2004 4261 δὲ
2028 4200 2134 4269 τοῖς
2156 4206 2494 4281 ὑπομνήμασι
2516 4205 2767 4281 λοιδορῶν
2791 4204 3006 4262 διετέλει.

817 4294 897 4350 Et
955 4293 1179 4351 Cleom.
1229 4313 1282 4352 C.
1341 4297 1411 4353 16
1455 4302 1657 4354 τουτονὶ
1698 4296 1743 4354 δ’
1782 4300 1937 4357 αὐτὸν
1973 4296 2267 4376 Ἀντίγονον
2305 4305 2520 4378 εἰρηκὼς
2556 4305 2693 4359 κακὰ
2730 4306 2906 4379 μύρια,
2944 4293 3006 4356 δι’

820 4392 887 4451 ὧν
927 4395 1261 4453 ἀπολέλοιπεν
1299 4398 1703 4475 ὑπομνημάτων.
1944 4404 1950 4411 ’
