3375 5084
1455 320 1570 378 145

401 494 547 556 hoc
618 494 772 555 loco
844 493 1039 575 tangi
1108 494 1330 556 debet.
1421 493 1655 556 Livius
1722 494 1900 556 enim
1946 504 2307 574 postquam
2357 493 2602 563 XXX.

416 615 502 672 26
589 609 671 691 (a.
754 604 906 688 203)
975 610 1251 673 tradidit
1321 631 1359 672 e
1431 608 1722 673 Graecia
1789 611 1878 671 ad
1949 608 2276 672 Senatum
2346 606 2606 672 nuntia-

408 735 559 787 tum
648 746 799 788 esse
875 724 1268 807 Philippum
1345 746 1582 808 regem
1666 737 1901 789 contra
1974 724 2214 787 foedus
2289 734 2608 806 quattuor

409 841 605 903 milia
666 841 953 903 militum
1016 861 1168 903 cum
1231 839 1526 923 Sopatro
1592 842 1767 904 duce
1816 852 1884 904 et
1928 862 2063 903 una
2106 841 2436 922 pecuniae
2484 840 2603 927 ali-

415 967 745 1037 quantum
814 958 883 1019 in
950 955 1258 1020 Africam
1325 959 1415 1020 ad
1486 956 2086 1039 Carthaginienses
2152 957 2359 1018 missa
2425 976 2575 1018 esse
2596 1004 2609 1030 ,

413 1072 652 1153 paullo
722 1082 879 1153 post
941 1072 1213 1154 (XXX.
1278 1094 1332 1135 c,
1398 1069 1506 1151 33)
1564 1095 1602 1136 e
1649 1073 1991 1136 communi
2037 1070 2224 1135 fonte
2270 1081 2498 1134 narrat
2544 1072 2613 1133 in

418 1189 567 1251 acie
639 1188 1318 1272 Carthageniensium
1386 1192 1475 1252 ad
1545 1189 1820 1252 Zamam
1898 1187 2193 1252 adfuisse
2264 1189 2611 1270 legionem

416 1304 894 1367 Macedonum.
988 1305 1320 1388 Polybius
1381 1306 1552 1368 illud
1613 1326 1746 1368 non
1811 1306 2061 1388 tangit,
2120 1305 2251 1367 hoc
2300 1305 2611 1367 consulto

318 1508 321 1510 v
417 1420 659 1484 omisit.
752 1420 1024 1502 Polybii
1093 1422 1463 1485 auctoritas
1536 1442 1577 1484 a
1637 1421 1836 1483 Livio
1898 1441 2008 1483 me
2069 1421 2293 1483 iudice
2340 1419 2611 1502 infringi

416 1556 556 1598 non
601 1546 845 1617 potest.
938 1537 1222 1600 Praeter
1267 1539 1439 1601 duos
1484 1538 1676 1601 locos
1721 1538 2037 1601 laudatos
2082 1537 2320 1599 Livius
2366 1537 2435 1598 in
2483 1536 2612 1598 hac

412 1661 611 1733 parte
660 1689 742 1697 ——
790 1663 1034 1735 postea
1078 1654 1198 1716 ubi
1245 1656 1330 1716 de
1376 1675 1549 1736 pace
1597 1655 1828 1737 agitur
1875 1675 1957 1717 ea
2002 1674 2112 1716 res
2158 1653 2411 1735 legatis
2452 1653 2608 1714 Phi-

414 1767 587 1849 lippi
649 1768 836 1850 regis
897 1769 1190 1832 obicitur
1238 1807 1319 1813 —
1368 1770 1780 1832 auxiliorum
1827 1770 2283 1832 Macedonum
2329 1769 2611 1831 mentio-

412 1904 577 1945 nem
646 1904 781 1946 non
847 1883 1027 1948 fecit.
1134 1885 1520 1948 Mommsen
1578 1886 1688 1968 (R.
1754 1884 1998 1950 Gesch.
2062 1886 2112 1948 I.
2174 1905 2239 1967 p.
2308 1890 2387 1962 65
2397 1884 2457 1966 3)
2518 1884 2615 1946 ait

423 2000 642 2075 „eben
704 1999 871 2082 jetzt
940 2001 1018 2084 (a.
1098 2022 1220 2080 203
1291 2002 1529 2083 paullo
1600 2012 1758 2065 ante
1827 2022 2132 2084 pugnam
2202 2002 2271 2063 in
2336 2000 2612 2081 Campis

413 2114 713 2197 Magnis)
770 2136 1000 2179 waren
1059 2118 1168 2180 die
1217 2128 1625 2181 erwarteten
1668 2118 2233 2181 Keltiberischen
2279 2116 2432 2179 und
2470 2136 2612 2178 ma-

415 2230 860 2295 kedonz'schen
943 2220 1445 2316 Hiilfstruppen
1527 2234 1956 2317 angelangt.'’
2072 2231 2213 2297 Sed
2280 2253 2614 2314 nusquam

413 2351 702 2414 traditur
767 2352 1022 2414 auxilia
1082 2352 1540 2415 Macedonum
1605 2372 1646 2413 a
1708 2350 1958 2413 Poenis
2022 2359 2386 2432 expectata
2446 2371 2614 2413 esse.

414 2466 653 2530 Livius
701 2468 950 2531 XXX.
1001 2488 1055 2531 c.
1109 2488 1140 2549 7
1194 2478 1264 2531 et
1312 2474 1349 2531 8
1368 2517 1381 2543 ,
1416 2468 1620 2530 aliam
1650 2467 2083 2530 traditionem
2109 2486 2315 2548 quam
2341 2466 2613 2546 Polybii

415 2582 783 2659 exhibenS,
848 2594 918 2647 et
980 2584 1311 2666 Polybius
1372 2583 1568 2646 XIV.
1635 2604 1692 2646 c,
1759 2602 1790 2663 7
1851 2582 2071 2644 solum
2120 2582 2205 2643 de
2254 2581 2614 2645 Celtiberis

415 2710 802 2779 exponunt;
851 2699 1213 2781 Appianus
1260 2710 1537 2763 neutros
1579 2709 1930 2761 memorat.
1993 2697 2264 2761 Deinde
2288 2698 2358 2759 in
2379 2717 2615 2779 pugna

413 2814 486 2875 in
556 2813 830 2896 Campis
898 2798 1176 2897 Magnis
1244 2815 1425 2878 facta
1496 2835 1732 2877 omnes
1800 2813 2178 2877 Celtiberos
2242 2813 2617 2876 trucidatos

416 2950 569 2992 esse
615 2931 821 2994 tradit
866 2909 1101 2994 Liyius
1147 2933 1222 3014 (c.
1274 2932 1365 3014 8);
1415 2931 1471 2994 si
1516 2932 1585 2994 in
1631 2932 1759 2994 hac
1806 2950 2043 3012 pugna
2083 2950 2257 3007 4ooo
2289 2929 2611 2991 Macedo-

415 3066 580 3108 num
637 3047 1022 3122 adfuerunt‚
1069 3046 1213 3109 fieri
1260 3068 1396 3110 non
1440 3057 1673 3129 potest
1717 3057 1793 3109 ut
1840 3048 2079 3109 eadem
2125 3045 2313 3127 legio
2360 3045 2616 3108 intacta

414 3172 722 3226 recurrat
769 3164 838 3225 in
883 3183 1119 3245 pugna
1163 3174 1321 3245 post
1366 3184 1617 3226 annum
1658 3163 1746 3225 ad
1778 3162 2051 3225 Zamam
2083 3160 2281 3224 facta.
2328 3161 2612 3223 Etiamsi

415 3297 655 3339 verum
702 3289 884 3342 esset
901 3327 914 3354 ,
963 3280 1148 3360 quod
1193 3279 1426 3342 Livius
1470 3280 1678 3342 tradit
1700 3328 1714 3354 ,
1766 3278 2023 3341 auxilia
2067 3278 2256 3341 initio
2298 3278 2454 3340 anni
2490 3298 2612 3355 203

417 3395 489 3456 in
550 3394 857 3458 Africam
919 3396 1126 3459 missa
1185 3417 1334 3460 esse
1350 3446 1364 3471 ,
1412 3406 1642 3460 tamen
1686 3396 1756 3459 in
1802 3384 2040 3478 pugna
2088 3396 2176 3457 ad
2221 3394 2494 3456 Zamam
2540 3403 2614 3456 ut

412 3662 523 3718 τοῖς
574 3655 959 3730 καθοπλισμοῖς
1012 3655 1484 3729 παραπλησίων
1541 3656 1859 3730 ἀμφοτέρων.
1921 3684 1999 3691 --
2058 3646 2331 3724 Denique
2383 3666 2414 3706 e
2455 3665 2623 3705 more

415 3766 523 3806 suo
585 3745 866 3825 Polybius
923 3746 1121 3806 omisit
1179 3766 1459 3807 numeros
1516 3736 1821 3826 signorum
1883 3745 2223 3807 militarium
2287 3756 2621 3822 captorum.

302 3924 310 3930 -
414 3845 544 3904 Liv.
608 3866 660 3905 c.
727 3865 799 3924 35
866 3846 945 3906 in.
1012 3845 1625 3924 „Carthaginiensium
1684 3846 2102 3923 sociorumque
2158 3863 2332 3904 caesa
2395 3863 2466 3904 eo
2528 3841 2623 3902 die

418 3963 597 4022 supra
637 3944 798 4004 milia
839 3944 1076 4022 viginti,
1116 3956 1242 4021 par
1282 3946 1465 4005 ferme
1507 3966 1792 4005 numerus
1834 3953 2039 4021 captus
2081 3963 2208 4002 cum
2251 3944 2443 4017 signis
2471 3943 2622 4000 mili-

415 4045 650 4103 taribus
692 4055 934 4104 centum
979 4044 1221 4124 triginta
1261 4045 1495 4119 duobus
1515 4092 1529 4120 ‚
1575 4047 1903 4121 elephantis
1939 4043 2276 4104 undecim.”
2341 4039 2623 4119 Polybius

418 4163 493 4203 ex
531 4143 742 4204 iisdem
792 4144 1053 4204 numeris
1096 4145 1217 4204 duo
1237 4126 1242 4131 ’
1263 4153 1494 4204 tantum
1537 4143 1793 4204 servavit
1813 4189 1827 4216 ‚
1872 4141 2129 4219 reliquos
2170 4140 2366 4201 omisit
2380 4163 2397 4215 3
2444 4161 2495 4199 c.
2548 4160 2622 4213 14

399 4232 448 4314 ’ξ
504 4264 572 4319 9:
630 4248 808 4306 ἔπεσον
860 4279 938 4288 -
987 4260 1087 4306 τῶν
1142 4279 1216 4289 —·
1273 4247 1648 4325 Καρχηδονίων
1688 4249 1814 4321 ὑπὲρ
1854 4247 2179 4323 δισμυρίους,
2221 4245 2622 4321 αἰχμάλωτοι

356 4354 361 4358 ”
422 4347 656 4403 ἑάλωσαν
696 4347 933 4404 οὐπολὺ
970 4351 1202 4405 τούτων
1246 4347 1566 4411 ἐλάττους.

2392 4446 2455 4496 10
