3375 5084
1857 322 1975 379 188

820 509 1220 573 Athenaeus
1264 506 1334 591 ¹);
1396 510 1626 573 Valer.
1691 511 1875 573 Max.
1938 509 2058 572 IV.
2121 530 2177 586 3.
2234 530 2308 586 13
2352 506 2413 588 2).
2504 507 2745 586 Itaque
2791 525 2830 566 e
2876 503 3003 565 Po·

819 626 1080 689 sidonio
1173 627 1420 689 scimus
1511 625 1905 707 Scipionem
1986 645 2143 688 cum
2221 625 2517 705 quinque
2593 621 2806 683 servis
2878 621 3008 681 iter

815 740 1089 816 fecisse,
1152 742 1317 816 alia;
1365 741 1547 804 idem
1592 742 1800 804 tradit
1845 762 1920 804 se
1967 742 2192 821 ipsum
2240 750 2309 801 et
2354 736 2755 800 Panaetium
2803 734 3005 797 comi-

816 864 921 917 tes
989 854 1196 919 fuisse
1265 855 1606 938 Scipionis
1647 854 1709 937 ³).
1828 856 2123 919 Iustinus
2193 856 2396 917 docet
2464 874 2617 916 cum
2685 849 3004 931 Scipione

815 972 1088 1053 legatos
1132 971 1342 1035 fuisse
1393 971 1509 1054 Sp.
1558 973 1964 1035 Mummium
2008 971 2290 1034 fratrem
2331 969 2623 1032 Achaici
2664 978 2734 1031 et
2763 966 3005 1028 Metel-

818 1087 958 1148 lum
1028 1089 1230 1169 (conS.
1302 1109 1360 1151 a.
1441 1087 1599 1169 142).
1722 1088 1832 1150 Ex
1905 1088 2011 1150 his
2081 1086 2542 1167 intellegimus
2612 1082 3009 1147 Ciceronem

818 1204 1148 1265 erravisse
1211 1224 1364 1267 cum
1428 1205 1757 1267 scriberet
1774 1253 1788 1279 ‚
1837 1204 2243 1266 Panaetium
2290 1222 2496 1263 unum
2543 1200 2816 1263 omnino
2864 1196 3009 1261 Sci·

816 1317 1001 1397 pioni
1071 1318 1390 1381 comitem
1458 1318 1666 1402 fuisse
1707 1318 1769 1400 ⁴).
1879 1319 2148 1382 Deinde
2220 1318 2377 1380 huic
2447 1314 2792 1380 Ciceronis
2856 1313 3011 1376 loco

817 1435 932 1515 qui
976 1435 1340 1515 plurimum
1387 1436 1692 1498 tribuunt
1708 1485 1722 1510 ,
1770 1445 2074 1500 statuunt
2120 1434 2542 1517 legationem
2568 1431 2821 1494 factam
2861 1449 3012 1491 esse

816 1568 873 1611 a.
956 1570 1072 1626 143
1095 1596 1109 1622 ,
1172 1550 1395 1630 (,‚ante
1460 1550 1845 1612 censuram”
1864 1597 1879 1623 ‚
1946 1547 2177 1631 Scipio
2254 1570 2369 1627 142
2440 1567 2681 1611 censor
2742 1554 3014 1608 creatus

818 1662 958 1744 est).
1052 1662 1192 1727 Sed
1264 1665 1398 1727 alio
1466 1666 1622 1729 loco
1695 1665 1935 1729 Cicero
2007 1666 2313 1727 ordinem
2380 1684 2605 1727 rerum
2668 1660 3009 1742 Scipionis

821 1778 1028 1842 alium
1086 1781 1369 1861 exponit
1384 1829 1398 1856 ,
1453 1782 1744 1863 primum
1792 1801 2145 1845 censuram
2191 1780 2438 1844 deinde
2484 1778 2909 1861 legationem
2950 1775 3012 1855 ⁵).

705 2084 708 2087 ⁴
809 2063 1028 2125 cedit.'’
1073 2102 1152 2110 —
1197 2045 1367 2143 Quae
1409 2088 1537 2146 sqq.
1583 2071 1659 2130 de
1699 2068 1908 2131 habitu
1950 2067 2302 2142 Ptolemaei,
2337 2067 2511 2126 valde
2539 2063 2749 2125 similia
2777 2073 2920 2123 sunt
2950 2059 3018 2120 iis

814 2182 967 2239 quae
1009 2164 1190 2225 tradit
1231 2168 1364 2227 Pos.
1409 2187 1505 2245 ap.
1550 2170 1693 2228 Ath.

909 2260 947 2342 ¹)
989 2264 1112 2324 Pol.
1158 2266 1229 2324 fr.
1277 2282 1349 2343 77
1395 2265 1629 2349 (Dind.)
1671 2288 1762 2328 ex.
1808 2268 2026 2326 Athen.
2069 2268 2174 2326 VI.
2206 2287 2266 2343 p.
2300 2280 2449 2342 273:
2478 2273 2699 2326 Σκιπίων
2727 2297 2804 2307 -
2830 2268 3020 2339 ἔκπεμ-

810 2366 1028 2442 πόμενος
1074 2368 1174 2425 ὑπὸ
1223 2377 1315 2435 τῆς
1363 2372 1657 2445 συγκλήτου
1707 2373 1790 2428 ἐπὶ
1829 2370 1888 2427 τὸ
1926 2374 2375 2433 καταστήσασθαι
2410 2368 2504 2434 τὰς
2539 2368 2675 2423 κατὰ
2713 2368 2808 2425 τὴν
2849 2368 3022 2421 οἰκον·-

809 2467 963 2541 μένην
1001 2466 1271 2541 βασιλείας
1307 2469 1391 2523 ίνα
1431 2475 1535 2533 τοῖς
1569 2475 1909 2544 προςὴκουσιν
1948 2468 2388 2545 ἐγχειρισθῶσιν,
2419 2470 2568 2523 πέντε
2593 2466 2779 2540 μόνους
2798 2462 3025 2538 ἐπήγετο

811 2566 1040 2631 οἰκέτας,
1081 2564 1148 2628 ὡς
1186 2566 1378 2639 ἱστορεῖ
1414 2566 1670 2630 Πολύβιος
1706 2569 1795 2622 καὶ
1832 2566 2200 2631 Ποσειδώνιος,
2241 2588 2294 2622 κ.
2332 2587 2385 2622 τ.
2429 2565 2479 2622 λ.

895 2654 944 2733 2)
987 2655 1184 2733 Scipio
1229 2659 1403 2718 Aem.
1446 2668 1582 2735 post
1624 2658 1776 2719 duos
1816 2658 2050 2719 inclitos
2091 2660 2433 2721 consulatus
2476 2656 2851 2733 totidemque
2881 2674 3023 2715 suae

813 2753 1168 2832 praecipuae
1224 2756 1442 2834 gloriae
1499 2757 1831 2835 triumphos
1884 2765 2096 2833 septem
2157 2756 2338 2816 servis
2396 2754 2779 2833 sequentibus
2822 2753 3024 2813 officio

811 2853 1118 2931 legationis
1180 2856 1416 2914 functus
1478 2865 1585 2915 est.
1690 2858 1768 2915 Et
1830 2866 2009 2933 puto,
2072 2854 2460 2934 Karthaginis
2521 2874 2594 2913 ac
2657 2852 3024 2913 Numantiae

812 2951 1013 3029 spoliis
1073 2972 1424 3030 comparare
1474 2954 1672 3032 plures
1726 2965 2031 3031 potuerat,
2086 2954 2197 3013 nisi
2255 2991 2327 2997 -
2390 2964 2450 3014 et
2506 2973 2565 3030 q.
2610 2973 2700 3030 sq.
2764 2954 3026 3011 Addunt

809 3049 1055 3127 interpr.
1099 3062 1257 3112 auct.
1302 3053 1379 3111 de
1418 3052 1527 3112 vir.
1567 3052 1648 3113 ill.
1696 3056 1771 3131 58
1812 3055 1957 3113 duos
1997 3063 2231 3113 tantum
2259 3072 2462 3113 servos
2489 3061 3021 3112 commemoratos

899 3147 946 3227 ²³)
1001 3150 1154 3209 Illud
1209 3149 1387 3210 etiam
1445 3153 1831 3211 confirmatur
1885 3153 1963 3212 ab
2006 3152 2225 3211 Athen.
2268 3153 2433 3211 XIV.
2479 3154 2632 3229 657:
2677 3156 3025 3218 Ποσειδώνιος

812 3254 1182 3328 συγγενόμενος
1229 3259 1470 3311 Σκιπίωνι
1516 3252 1588 3329 τῷ
1627 3257 1722 3315 τὴν
1762 3256 2080 3331 Καρχηδόνα
2116 3257 2283 3313 ἑλόντι
2326 3249 2603 3329 (Mueller
2642 3252 2754 3308 III.
2799 3269 2862 3325 p.
2912 3265 3025 3325 245

812 3365 949 3406 eum
990 3345 1191 3406 locum
1231 3346 1437 3407 laudat
1479 3358 1691 3408 contra
1731 3347 1982 3407 Bakium
2023 3347 2246 3427 (Posid.
2287 3349 2489 3408 Rhod.
2521 3348 2687 3425 reliq.
2712 3346 3028 3408 doctrinae

811 3444 977 3507 Leid.
1049 3443 1260 3524 1810),
1324 3444 1426 3522 qui
1491 3456 1738 3523 propter
1798 3456 2136 3524 temporum
2192 3446 2483 3507 rationem
2539 3456 2834 3506 statuerat
2888 3447 3027 3505 loco

811 3542 1106 3603 Athenaei
1145 3545 1259 3622 leg.
1303 3563 1462 3604 esse:
1506 3559 1638 3607 Ποσ.
1679 3550 1707 3606 ‘o
1746 3559 1833 3607 Στ.
1873 3555 2156 3607 Παναιτίου
2191 3555 2470 3627 μαθητής,
2509 3557 2603 3608 τοῦ
2643 3550 3027 3625 συναποδημή-

812 3669 1000 3711 σαντος
1036 3650 1278 3703 Σκιπίωνι
1314 3670 1367 3704 κ.
1405 3670 1459 3703 τ.
1503 3648 1552 3703 λ.

896 3738 950 3819 4)
1011 3739 1138 3801 Cic.
1200 3741 1396 3800 Acad.
1451 3742 1527 3800 Π.
1591 3762 1623 3800 2
1676 3749 1705 3813 ς
1750 3758 1817 3818 5,
1861 3761 2000 3801 cum
2042 3743 2108 3802 P.
2152 3752 2353 3802 autem
2393 3741 2698 3817 Africani,
2740 3741 3026 3803 historiae

811 3840 1132 3915 loquantur
1147 3885 1163 3911 ,
1225 3837 1287 3897 in
1347 3838 1644 3918 legatione
1696 3839 1794 3899 illa
1848 3839 2031 3901 nobili
2072 3860 2253 3917 quam
2295 3850 2434 3901 ante
2476 3860 2796 3901 censuram
2840 3840 2991 3903 obiit
3007 3887 3024 3915 ,

811 3936 1160 3996 Panaetium
1202 3957 1388 3997 unum
1430 3937 1675 3997 omnino
1718 3937 1997 3999 comitem
2038 3938 2231 4001 fuisse.

900 4033 952 4114 ⁵)
1011 4037 1108 4095 De
1159 4038 1314 4113 Rep.
1374 4038 1482 4095 VI.
1525 4056 1578 4096 e.
1627 4056 1695 4094 11
1743 4034 1969 4114 (Somn.
2013 4037 2197 4118 Scip.)
2238 4058 2420 4114 „cum
2460 4048 2666 4099 autem
2709 4037 3025 4117 Carthagi-

814 4152 952 4191 nem
993 4133 1278 4193 deleveris
1293 4180 1309 4206 ,
1352 4146 1411 4194 et
1453 4134 1822 4210 triumphum
1863 4135 2052 4212 egeris
2092 4156 2424 4214 censorque
2461 4138 2642 4197 fueris
2660 4185 2676 4213 ,
2710 4149 2771 4198 et
2802 4137 3024 4199 obieris
3053 4120 3060 4129 ⁵

814 4231 1044 4308 legatus
1099 4234 1444 4310 Aegyptum
1460 4278 1476 4306 ,
1534 4232 1764 4310 Syriam
1782 4279 1799 4305 ‚
1852 4234 2060 4293 Asiam
2077 4281 2093 4309 ,
2134 4235 2453 4296 Graeciam
2495 4237 2757 4315 deligere
2796 4238 3016 4297 iterum

818 4346 980 4387 cons
1021 4330 1253 4389 absenS.
