3375 5084
1157 874 1977 940 PRAEFATIO.

546 1373 729 1448 Quod
785 1371 1064 1450 equidem
1117 1370 1367 1433 libenter
1424 1371 1723 1432 omiserim
1742 1418 1757 1446 ,
1808 1372 1965 1432 duae
2006 1392 2168 1431 nunc
2211 1391 2304 1433 res
2345 1381 2549 1432 vetant
2589 1390 2666 1432 ne

461 1499 579 1558 hoc
632 1517 877 1558 munere
933 1497 1242 1574 praefandi
1299 1497 1717 1574 supersedeam
1736 1544 1750 1572 ,
1801 1497 1987 1557 altera
2026 1496 2170 1555 mihi
2211 1506 2491 1576 pergrata
2509 1543 2523 1571 ,
2566 1515 2665 1556 ne-

461 1621 716 1684 cessaria
757 1625 961 1684 altera.
1026 1622 1292 1683 Primum
1334 1623 1492 1683 enim
1537 1643 1673 1683 cum
1718 1642 1869 1700 opus
1910 1642 2112 1683 meum
2143 1622 2300 1701 typis
2321 1641 2665 1700 expressum

462 1759 522 1809 et
563 1749 805 1809 iamiam
845 1749 908 1808 in
947 1751 1143 1810 lucem
1185 1748 1563 1827 proditurum
1606 1769 1747 1809 cum
1780 1750 2087 1827 voluptate
2116 1748 2349 1810 videam
2366 1795 2381 1823 ‚
2413 1767 2547 1809 eam
2569 1768 2664 1807 me

462 1852 682 1937 debere
722 1877 1091 1953 voluptatem
1127 1874 1316 1937 sentio
1352 1894 1491 1935 cum
1513 1873 1824 1936 Societatis
1845 1874 2459 1939 Rheno-Traiectinae
2487 1875 2664 1935 bene-

461 2001 626 2078 ficio,
670 2012 798 2062 tum
839 2001 1185 2080 praesertim
1229 2021 1447 2080 operae
1476 2000 1742 2064 virorum
1770 2002 2090 2062 doctorum
2119 2000 2220 2078 qui
2242 2000 2460 2062 librum
2481 2020 2663 2060 manu

463 2128 751 2206 scriptum
805 2127 1121 2206 quominus
1175 2129 1550 2207 perlegerunt
1605 2128 1802 2204 deque
1843 2146 1916 2187 eo
1955 2124 2241 2187 iudicium
2284 2126 2504 2186 ferrent
2543 2146 2664 2186 non

463 2265 885 2317 recusaverunt
900 2277 916 2330 3
972 2253 1033 2313 in
1088 2273 1161 2314 ea
1216 2274 1280 2315 re
1336 2263 1425 2314 est
1465 2254 1630 2331 quod
1672 2252 1758 2314 eis
1801 2252 2018 2332 gratias
2061 2271 2237 2330 agam
2256 2299 2271 2327 ,
2315 2253 2480 2329 quod
2522 2272 2663 2313 sane

461 2402 535 2441 ex
575 2380 775 2442 animo
816 2380 988 2442 facio.
1032 2416 1114 2424 —-
1155 2379 1391 2441 Deinde
1431 2378 1833 2440 necessarium
1869 2399 1995 2440 esse
2023 2378 2257 2438 videtur
2281 2388 2346 2438 ut
2366 2379 2664 2456 quaedam

461 2527 738 2569 moneam
781 2507 856 2566 de
895 2527 1096 2568 rerum
1138 2507 1694 2584 componendarum
1737 2505 1945 2566 ordine
1985 2525 2059 2565 ac
2100 2504 2349 2566 ratione.
2429 2505 2663 2580 Quodsi

462 2635 538 2694 de
590 2633 722 2711 ipso
776 2632 1026 2712 Polybio
1078 2631 1335 2693 scribere
1374 2630 1750 2709 propositum
1794 2631 1940 2690 mihi
1979 2630 2211 2706 fuisset,
2257 2650 2397 2691 sane
2438 2630 2664 2709 aliquot

462 2761 638 2820 rebus
655 2806 670 2835 ,
727 2779 880 2836 quae
929 2779 1090 2819 nunc
1137 2757 1434 2837 capitibus
1475 2757 1649 2818 tertio
1694 2767 1753 2818 et
1793 2767 2010 2835 quarto
2050 2758 2326 2835 leguntur
2344 2804 2358 2832 ,
2402 2756 2663 2834 primum

459 2886 659 2945 locum
708 2884 1008 2963 adsignari
1048 2904 1307 2961 aequum
1347 2883 1549 2944 fuisset
1566 2930 1581 2959 ,
1625 2893 1806 2960 atque
1847 2881 2080 2942 initium
2121 2881 2249 2941 fieri
2289 2900 2326 2940 a
2367 2880 2663 2958 quaestio-

460 3010 633 3072 nibus
687 3011 766 3070 ad
806 3010 988 3088 ipsius
1030 3009 1215 3070 vitam
1257 3007 1691 3087 pertinentibus
1711 3054 1725 3081 ‚
1767 3008 1844 3068 de
1885 3026 2043 3066 anno
2084 3005 2301 3081 natali,
2346 3005 2421 3065 de
2462 3004 2662 3065 iuven-

463 3147 589 3198 tute
604 3185 619 3213 ,
664 3120 759 3198 ¹de
819 3135 1093 3196 amicitiis
1154 3145 1215 3196 et
1275 3134 1679 3195 voluntatibus
1742 3143 1801 3195 et
1859 3132 2060 3194 indole
2083 3179 2098 3208 ‚
2161 3131 2287 3192 aliis
2347 3129 2656 3192 eiusmodi.

461 3264 688 3323 Verum
749 3260 1033 3340 quoniam
1094 3281 1217 3321 non
1278 3261 1356 3321 de
1416 3270 1661 3321 auctore
1724 3258 2127 3319 Historiarum
2151 3304 2166 3333 ,
2231 3259 2337 3319 sed
2391 3260 2469 3318 de
2521 3256 2664 3335 ipsis

463 3386 864 3447 Historiarum
902 3386 1065 3448 libris
1106 3386 1394 3447 disserere
1434 3384 1839 3460 institueram,
1871 3383 2048 3445 etiam
2077 3403 2199 3444 non
2226 3383 2382 3444 vitae
2402 3381 2663 3444 auctoris

464 3532 635 3574 casus
648 3560 664 3589 ‚
707 3514 814 3574 sed
853 3512 1046 3591 ipsam
1086 3511 1375 3574 librorum
1415 3511 1724 3572 materiem
1768 3510 1978 3573 seriem
2020 3510 2165 3570 mihi
2199 3509 2465 3589 capitum
2496 3529 2663 3587 prae-

368 3652 375 3655 ’
462 3640 603 3699 bere
656 3658 867 3716 passus
920 3659 1053 3699 sum
1094 3648 1154 3699 et
1195 3638 1465 3699 ordinem
1509 3636 1825 3699 scribendi.
1911 3640 2121 3715 Itaque
2161 3636 2421 3715 primum
2460 3636 2660 3696 locum

462 3763 847 3825 obtinuerunt
897 3765 950 3825 ei
989 3765 1108 3826 loci
1150 3785 1183 3826 e
1222 3764 1386 3825 libris
1426 3763 1656 3842 Polybii
1698 3763 1932 3826 collecti
1949 3838 1954 3843 ⁹
1974 3763 2076 3842 qui
2116 3765 2338 3824 nullam
2382 3761 2625 3839 quidem
2644 3808 2660 3837 ,

462 3889 602 3966 quia
641 3892 720 3951 ad
758 3889 961 3952 rerum
1001 3891 1404 3952 narrationem
1445 3911 1568 3952 non
1608 3891 1907 3969 pertinent
1924 3937 1937 3963 ‚
1981 3891 2062 3950 ad
2089 3892 2281 3951 fontes
2307 3858 2661 3949 narrationis

462 4017 910 4094 cognoscendos
963 4020 1253 4095 praebent
1295 4016 1635 4093 utilitatem',
1685 4018 1792 4078 sed
1834 4027 2034 4077 tamen
2076 4036 2213 4077 cum
2255 4015 2316 4075 in
2359 4014 2442 4076 eis
2484 4014 2658 4094 signi-

461 4141 668 4201 ficetur
718 4141 862 4219 quid
904 4142 981 4202 de
1022 4152 1236 4202 natura
1276 4142 1483 4203 mundi
1526 4153 1586 4204 et
1627 4143 1879 4203 deorum
1897 4189 1912 4217 ‚
1955 4142 2033 4201 de
2074 4160 2216 4201 vero
2258 4159 2332 4200 ac
2360 4140 2506 4200 falso
2522 4186 2538 4215 ,
2583 4141 2660 4201 de

461 4265 670 4326 fabulis
744 4266 992 4344 poeticis
1066 4267 1449 4328 aestimandis
1473 4316 1487 4344 ‚
1564 4269 1641 4329 de
1715 4265 1961 4345 antiqua
2036 4264 2293 4343 denique
2370 4265 2660 4327 Graeciae
