3375 5084
1434 340 1506 397 61

382 527 535 591 Hoc
598 529 803 591 etiam
865 529 951 590 de
1014 528 1231 591 Fabio
1293 538 1363 591 et
1418 527 1651 592 Cincio
1712 529 2017 610 praecise
2074 539 2390 604 testatur,
2450 551 2569 593 eos

379 654 695 706 accurate
765 643 1038 725 quidem
1111 644 1509 725 exposuisse
1569 664 1679 707 res
1741 664 1864 707 suo
1925 655 2233 726 tempore
2301 656 2535 728 gestas
2553 697 2567 722 ,

378 761 503 822 sed
560 759 861 822 breviter
921 760 1419 842 percucurrisse
1473 771 1778 824 veterem
1824 762 2217 824 memoriam
2263 763 2566 843 inprimis

377 884 690 957 tempora
735 895 979 958 regum
1026 886 1097 939 et
1139 877 1456 958 antiquae
1502 877 1919 958 reipublicae
1961 874 2019 958 1).
2104 878 2284 940 Illud
2329 879 2565 961 negle-

374 992 655 1072 gentiae
702 992 956 1054 crimen
1001 1013 1043 1054 a
1088 991 1423 1074 Dionysio
1468 984 1549 1055 iis
1597 993 1942 1056 obiectum
1973 993 2239 1056 silentio
2270 1004 2570 1075 praeter-

375 1107 645 1170 mittere
708 1108 871 1170 licet
931 1145 1015 1153 —
1077 1112 1235 1170 nam
1294 1109 1475 1171 unde
1521 1108 1892 1190 Dionysius
1937 1129 2103 1172 vera
2148 1129 2569 1191 cognoscere

371 1225 750 1304 potuisset?
819 1224 930 1286 Ex
991 1226 1096 1288 his
1159 1226 1390 1288 verbis
1435 1226 1506 1288 id
1551 1235 1815 1289 tantum
1862 1224 2133 1289 efficere
2177 1247 2537 1308 possumus
2555 1277 2569 1302 ‚

372 1339 447 1400 in
520 1339 739 1420 prima
804 1348 1000 1420 parte
1070 1340 1393 1402 librorum
1464 1341 1553 1403 ad
1621 1340 1931 1422 singulos
2001 1360 2214 1403 annos
2284 1340 2571 1404 Fabium

372 1453 569 1517 brevi
631 1456 1070 1536 adscripsisse
1133 1477 1243 1519 res
1305 1476 1575 1538 quoque
1639 1477 1817 1519 anno
1852 1467 2114 1539 gestas,
2209 1456 2352 1521 Sed
2398 1457 2571 1521 falli-

371 1580 486 1633 tur
502 1620 516 1646 ,
582 1572 822 1653 opinor
838 1621 853 1646 ‚
917 1573 1032 1654 qui
1093 1593 1184 1635 ex
1243 1574 1349 1635 his
1412 1583 1664 1636 statuat
1718 1573 1914 1636 Fabii
1961 1574 2171 1637 libros
2218 1594 2453 1637 omnes
2501 1584 2570 1637 et

372 1687 687 1749 omnibus
733 1688 901 1750 locis
948 1688 1136 1751 illam
1182 1689 1523 1752 annalium
1545 1746 1549 1750 .
1571 1689 1950 1752 exilitatem
1996 1710 2162 1770 prae
2209 1711 2284 1753 se
2309 1691 2562 1753 tulisse.

374 1801 630 1865 Contra
673 1802 1060 1885 fragmenta
1103 1804 1403 1867 indicant
1449 1824 1605 1867 eum
1652 1805 1740 1868 de
1785 1806 2125 1868 nonnullis
2170 1808 2375 1869 rebus
2409 1807 2573 1868 satis

369 1919 643 1999 prolixe
690 1920 919 2002 egisse
934 1969 948 1993 ,
994 1941 1217 2002 neque
1264 1940 1373 1984 res
1419 1921 1714 1985 leviores
1761 1932 2079 1986 accurate
2125 1925 2569 2004 exponendas

371 2035 741 2114 sprevisse;
790 2045 883 2110 et,
930 2044 1006 2097 ut
1050 2036 1138 2098 de
1183 2038 1389 2099 rebus
1434 2035 1696 2100 Amulii
1743 2048 1813 2101 et
1858 2036 2141 2120 Sylviae
2178 2040 2566 2102 continuam

374 2159 449 2212 et
509 2151 855 2232 copiosam
917 2152 1371 2216 narrationem
1427 2174 1583 2216 eum
1629 2155 1901 2217 dedisse
1947 2165 2235 2237 apparet
2281 2177 2372 2218 ex
2416 2155 2566 2237 ipso

371 2266 708 2349 Dionysio
749 2268 793 2349 2>
809 2317 823 2342 ,
880 2269 977 2331 sic
1033 2289 1189 2331 eum
1234 2271 1303 2331 in
1351 2291 1434 2333 ea
1478 2291 1752 2353 quoque
1799 2273 2143 2335 annalium
2189 2282 2384 2354 parte
2432 2293 2575 2354 qua

464 2482 504 2564 ¹)
560 2483 739 2545 Dion.
795 2487 842 2544 I.
902 2489 937 2545 6
992 2494 1021 2558 ξ
1084 2488 1155 2545 18
1210 2495 1404 2551 τούτων
1457 2493 1516 2551 δὲ
1563 2502 1664 2548 τῶν
1716 2494 1916 2570 ἀνδρῶν
1962 2496 2196 2569 ἑκάτερος
2232 2488 2449 2570 (Φάβιος
2487 2495 2576 2550 καὶ

367 2582 604 2664 Κίγκιος)
651 2586 724 2653 οἷς
765 2590 854 2664 μὲν
894 2590 1048 2653 αὐτὸς
1088 2590 1256 2665 ἔργοις
1291 2595 1596 2666 παρεγένετο
1636 2591 1727 2647 διὰ
1764 2595 1857 2652 τὴν
1896 2593 2159 2667 ἐμπειρίαν
2190 2596 2426 2669 ἀκριβῶς
2462 2597 2578 2649 ἀνέ-

364 2687 568 2761 γραψε,
616 2687 684 2743 τὰ
734 2682 990 2763 δ’ἀρχαῖα
1038 2689 1104 2743 τὰ
1141 2689 1272 2764 μετὰ
1308 2690 1402 2748 τὴν
1448 2693 1613 2745 κτίσιν
1650 2696 1745 2752 τῆς
1779 2690 1973 2753 πόλεως
2007 2692 2256 2763 γενόμενοι
2293 2693 2577 2766 κεφαλαιω-

369 2786 476 2848 δῶς
527 2785 832 2861 ἐπέδραμεν.
921 2783 1056 2841 Non
1112 2801 1262 2859 opus
1319 2801 1444 2841 esse
1500 2781 1643 2840 mihi
1698 2781 1932 2841 videtur
1989 2783 2332 2842 coniectura
2373 2785 2579 2843 Hulle-

365 2878 573 2937 manni
631 2899 690 2956 p.
752 2897 819 2956 71
884 2890 989 2956 „roi
1038 2909 1093 2942 τε
1138 2886 1269 2961 μετὰ
1319 2887 1412 2947 τὴν
1459 2882 1665 2942 >erice-³⁹⁹
1710 2880 1817 2962 (du
1859 2880 2013 2941 Rieu
2054 2903 2114 2959 p.
2165 2884 2277 2960 156
2321 2883 2575 2943 coniecit

364 2982 436 3038 τὰ
488 2983 620 3039 κατὰ
667 2985 762 3043 τὴν
813 2989 979 3040 κτίσιν
1000 3028 1015 3052 ,
1076 2979 1253 3055 quod.
1283 2978 1478 3038 minus
1519 2981 1901 3055 probandum
1942 3000 2075 3041 esse
2113 2981 2256 3040 mihi
2297 2981 2573 3064 videtur).

370 3075 690 3153 Dionysius
749 3087 1068 3153 postquam
1120 3077 1364 3137 omnino
1406 3077 1604 3155 posuit
1644 3083 1712 3139 τὰ
1751 3088 1952 3159 ἀρχαῖα
1996 3099 2121 3139 rem
2164 3081 2343 3140 etiam
2385 3081 2576 3160 magis

366 3175 575 3235 definit
639 3176 868 3235 addens
933 3196 1051 3253 qua
1106 3176 1168 3235 in
1223 3186 1394 3253 parte
1435 3176 1497 3237 id
1540 3176 1889 3255 praesertim
1917 3189 2255 3255 appareat,
2297 3179 2359 3239 in
2400 3182 2578 3240 rebus

370 3274 538 3353 regni
582 3274 859 3335 Romani.

455 3371 506 3454 2)
569 3373 747 3433 Dion.
811 3375 858 3433 I.
929 3391 1003 3451 79
1065 3394 1158 3434 res
1212 3374 1443 3452 Sylviae
1499 3395 1781 3435 enarrans
1837 3375 1919 3434 ait
1975 3387 2217 3436 eatenus
2258 3379 2573 3455 plerosque

334 3478 349 3492 ⁴
367 3482 644 3532 auctores
685 3472 838 3532 inter
881 3493 942 3532 se
985 3474 1318 3533 consentire
1360 3472 1663 3554 (Fabium.
1714 3473 1987 3534 Cincium
2007 3522 2020 3548 ‚
2057 3477 2350 3536 Catonem
2368 3524 2382 3550 ‚
2413 3478 2576 3536 Piso-

368 3590 508 3630 nem
529 3617 543 3645 ,
609 3570 777 3653 alios)
839 3572 948 3631 nisi
1002 3573 1167 3649 quod
1227 3573 1478 3633 aliorum
1536 3573 1724 3651 magis
1781 3574 1860 3633 ad
1914 3574 2144 3634 fabulas
2199 3574 2290 3656 (τὰ
2325 3575 2576 3656 μυθώδη)

367 3669 654 3731 inclinent
697 3670 906 3745 animi,
950 3671 1050 3731 alii
1089 3672 1169 3731 ad
1213 3691 1306 3732 res
1349 3682 1541 3732 certas
1585 3673 1939 3747 tradendaS‚
1987 3680 2032 3734 οἱ
2067 3679 2158 3754 μὲν
2197 3679 2277 3734 ἐπὶ
2310 3678 2367 3733 τὸ
2392 3684 2575 3752 μυθω-
2613 3701 2620 3708 ·

372 3775 648 3849 &iere-pov,
690 3776 739 3830 οἱ
779 3770 912 3832 δ’ἐπὶ
950 3775 1008 3831 τὸ
1046 3784 1107 3836 τῆ
1152 3778 1382 3851 ἀληθείᾳ
1419 3778 1579 3840 ἐοικὸς
1616 3777 1813 3851 μᾶλλον
1854 3779 2228 3852 ἀποφαίνουσι;
2274 3770 2335 3828 in
2362 3771 2577 3847 quibus

308 3938 319 3941 ⁷
367 3863 567 3926 verbis
587 3914 601 3940 ‚
665 3887 819 3944 quae
881 3868 959 3926 ad
1018 3877 1205 3927 totam
1264 3867 1496 3928 illorum
1539 3868 1898 3946 scriptorum
1941 3868 2239 3930 scribendi
2280 3868 2573 3929 rationem

366 3975 641 4043 spectare
704 3965 980 4025 videntur
998 4013 1012 4040 ‚
1077 3967 1226 4025 haec
1292 3966 1581 4026 sententia
1641 3967 1832 4027 inesse
1895 3967 2038 4025 mihi
2099 3966 2332 4025 videtur
2350 4013 2363 4039 ‚
2430 3968 2574 4028 alios

367 4064 713 4142 saepissime
761 4064 1058 4143 longiores
1100 4065 1287 4143 magis
1328 4066 1624 4125 fabulosas
1665 4064 2035 4125 narrationes
2077 4065 2385 4125 annalibus
2426 4067 2574 4127 inse-

366 4164 588 4237 ruisse,
632 4163 777 4223 alios
816 4183 1178 4241 quamquam
1211 4163 1505 4224 continuis
1533 4164 1972 4225 narrationibus
2000 4184 2119 4224 non
2147 4165 2321 4241 plane
2343 4166 2572 4242 spretiS,

370 4263 556 4340 vulgo
599 4272 973 4322 constantem
1015 4263 1312 4325 annalium
1358 4263 1647 4324 rationem
1692 4272 1957 4336 secutos,
1993 4264 2072 4321 ad
2099 4262 2360 4341 singulos
2388 4285 2573 4325 annos

368 4381 466 4420 res
510 4370 703 4439 gestas
747 4360 910 4419 brevi
953 4371 1013 4420 et
1057 4359 1401 4420 circumcise
1443 4361 1780 4421 adscribere
1823 4362 2027 4424 solere.
