3375 5084
1519 316 1642 374 259

491 507 532 549 a
593 487 875 551 consilio
937 485 1228 550 deficere
1284 488 1455 551 vidit
1473 536 1486 563 ,
1535 508 1653 551 eos
1702 490 1905 552 etiam
1950 490 2475 570 reprehenderet
2492 539 2505 565 ‚
2554 501 2669 554 aut

492 624 724 666 secum
770 613 1110 685 pugnaret
1154 623 1432 667 necesse
1480 614 1640 667 erat.
1711 604 1939 668 Pietas
1975 615 2199 668 autem
2225 627 2381 668 eum
2407 607 2671 670 induxit

488 729 568 782 ut
629 720 836 782 etiam
893 720 963 781 in
1008 721 1113 782 his
1159 741 1200 782 a
1243 740 1408 783 vero
1453 721 1701 790 iudicio
1749 723 2094 785 aberraret
2110 770 2125 797 ,
2172 732 2248 785 ut
2290 742 2425 784 non
2472 743 2668 785 secus

491 844 697 916 atque
759 846 961 899 antea
1021 836 1253 912 Arati,
1311 837 1407 899 sic
1460 857 1638 901 nunc
1685 835 2080 919 Scipionum
2128 840 2339 901 amori
2384 838 2526 901 fere
2572 839 2668 901 in-

490 951 667 1014 scius
714 951 941 1013 omnia
984 960 1449 1033 postponeret,
1500 973 1655 1015 cum
1701 953 1919 1015 solam
1963 954 2281 1017 virtutem
2314 974 2387 1016 se
2414 955 2639 1017 colere
2653 1004 2667 1028 ,

486 1066 826 1148 nequitiae
894 1087 967 1129 se
1038 1067 1251 1130 obniti
1314 1068 1638 1131 crederet.
1730 1068 1876 1130 Iam
1940 1089 2146 1150 supra
2204 1070 2491 1149 exposui
2535 1071 2668 1132 hoc

485 1183 652 1246 vitio
699 1183 1010 1246 laborare
1057 1203 1141 1246 ea
1185 1204 1361 1265 quae
1409 1185 1495 1247 de
1542 1181 1879 1266 Scipionis
1924 1186 2195 1248 maioris
2227 1187 2431 1248 rebus
2457 1187 2670 1268 gestis

485 1297 829 1377 scripserit
842 1319 858 1373 ;
930 1318 1022 1360 ex
1089 1299 1330 1361 eadem
1397 1319 1603 1361 causa
1667 1308 1857 1362 ortae
1919 1310 2076 1363 sunt
2134 1300 2294 1362 illae
2357 1301 2666 1383 argutiae

487 1433 658 1493 quas
725 1413 811 1475 de
880 1414 1067 1476 bello
1129 1413 1391 1478 Punico
1451 1414 1554 1476 ΠΙ
1616 1414 1952 1478 conflavit.
2044 1414 2276 1497 Scipio
2338 1417 2556 1479 minor
2600 1417 2669 1479 id

484 1528 743 1591 bellum
802 1529 1051 1612 gessit,
1113 1529 1224 1592 cui
1279 1529 1424 1611 ipse
1472 1530 1912 1593 amicissimus
1960 1541 2032 1594 et
2076 1542 2391 1595 constans
2439 1551 2668 1594 comes

484 1642 641 1719 fuit;
709 1665 871 1708 num
927 1646 998 1707 id
1058 1645 1167 1708 cui
1184 1693 1200 1719 ‚
1261 1647 1872 1727 quomodocunque
1934 1656 2156 1709 ortum
2211 1655 2358 1709 erat
2373 1695 2389 1721 ,
2436 1645 2668 1726 Scipio

486 1780 721 1822 omnes
763 1760 945 1823 vires
991 1761 1416 1824 consecravit
1431 1810 1446 1837 ,
1493 1762 1683 1825 cuius
1722 1762 1877 1844 ipse
1922 1782 2080 1844 pars
2127 1763 2463 1844 quaedam
2508 1761 2634 1825 fuit
2649 1810 2664 1837 ,

483 1876 743 1939 bellum
803 1876 1083 1958 impium
1146 1887 1216 1940 et
1269 1887 1466 1960 turpe
1512 1876 1718 1941 fuisse
1766 1880 2174 1941 contendere
2220 1879 2486 1961 potuit?
2551 1877 2668 1940 An

482 1989 656 2055 forte
701 1992 771 2055 id
814 1992 1107 2075 Polybio
1151 1993 1610 2057 necessarium
1655 1993 1864 2057 fuisse
1911 2013 2264 2057 censemus
2303 2004 2380 2057 ut
2405 1992 2667 2076 Scipio-

480 2108 583 2171 nis
652 2108 948 2171 amicitia
1016 2119 1327 2174 recusata
1343 2157 1360 2184 ,
1419 2117 1832 2191 potestatem
1892 2110 2106 2172 libere
2170 2118 2240 2173 et
2298 2110 2518 2193 rigide
2576 2110 2661 2172 de

484 2223 793 2286 omnibus
837 2225 1042 2287 rebus
1086 2224 1395 2288 humanis
1425 2224 1768 2287 iudicandi
1798 2224 1928 2287 sibi
1957 2226 2297 2308 integram
2320 2228 2665 2289 servaret?

481 2339 748 2423 Nempe
807 2341 947 2404 tale
1005 2341 1169 2422 quid
1223 2360 1509 2423 poscere
1553 2341 1895 2403 maximae
1940 2341 2264 2404 stultitiae
2311 2351 2432 2405 est.
2524 2339 2664 2405 Sed

480 2456 613 2519 hoc
681 2477 1057 2539 agnoscere
1127 2457 1366 2520 debuit
1434 2457 1769 2539 Polybius
1784 2506 1800 2533 ,
1869 2457 2265 2538 disciplinae
2335 2458 2534 2538 aequi
2596 2468 2667 2519 et

479 2572 641 2635 boni
708 2573 997 2654 primum
1065 2573 1292 2636 locum
1350 2573 1420 2636 in
1480 2574 1840 2637 scribenda
1897 2572 2178 2635 historia
2230 2573 2659 2636 tribuendum

480 2708 618 2751 non
685 2710 836 2753 esse
851 2739 867 2765 ,
934 2710 1163 2753 rerum
1225 2699 1576 2772 gestarum
1644 2689 1955 2772 scriptori
2020 2709 2157 2751 non
2223 2689 2294 2751 id
2361 2689 2661 2771 inprimis

481 2806 851 2868 curandum
912 2826 1062 2868 esse
1108 2805 1272 2887 quid
1317 2807 1571 2868 bonum
1616 2804 1852 2880 fuerit,
1901 2807 2023 2868 sed
2067 2804 2229 2887 quid
2274 2825 2512 2867 verum
2557 2804 2657 2867 sit.

480 2919 824 2983 Historiae
892 2921 1166 2985 utilitati
1226 2921 1466 2984 melius
1530 2921 1841 2984 consulet
1895 2921 1952 2983 is
1999 2920 2114 3001 qui
2158 2920 2476 2983 virtutem
2521 2919 2661 2981 lau-

483 3037 682 3100 dibus
743 3035 984 3100 efferre
1045 3057 1182 3100 non
1235 3047 1518 3100 conatus
1535 3086 1549 3113 ,
1607 3057 1719 3100 res
1763 3037 1945 3119 ipsas
1991 3057 2147 3099 cum
2194 3055 2357 3099 cura
2402 3044 2472 3098 et
2516 3035 2662 3098 dili-

483 3152 719 3235 gentia
765 3152 1156 3234 exposuerit
1173 3200 1187 3227 ,
1234 3173 1440 3234 quam
1483 3152 1542 3215 is
1588 3152 1703 3234 qui
1749 3152 1931 3234 quod
1975 3152 2231 3214 malum
2275 3152 2362 3216 sit
2403 3153 2660 3214 bonum

485 3288 635 3331 esse
681 3268 961 3343 dixerit;
1009 3268 1227 3350 qualis
1273 3288 1459 3332 error
1504 3288 1659 3331 cum
1688 3268 1760 3330 in
1790 3287 2024 3331 omnes
2051 3287 2274 3330 rerum
2300 3267 2662 3349 scriptores

483 3385 684 3447 cadat
700 3433 716 3460 ,
772 3394 918 3448 tum
974 3384 1371 3466 praesertim
1414 3384 1485 3446 in
1530 3403 1650 3446 eos
1697 3383 1814 3465 qui
1857 3403 1967 3446 res
2012 3403 2138 3446 suo
2184 3393 2493 3465 tempore
2538 3404 2658 3466 ge-

484 3511 624 3564 stas
668 3501 1035 3565 memoriae
1079 3503 1366 3564 tradant.
1415 3537 1497 3546 —-
1734 3505 1738 3509 ’

571 3617 884 3680 Iamvero
932 3636 1015 3678 ea
1059 3636 1233 3698 quae
1278 3616 1682 3698 reprehendi
1700 3664 1715 3690 ,
1764 3635 1918 3679 cum
1962 3615 2184 3698 magis
2225 3614 2312 3677 ad
2341 3614 2661 3677 iudicium

486 3735 574 3797 de
631 3736 834 3797 rebus
893 3734 1108 3797 latum
1168 3754 1370 3815 quam
1431 3734 1537 3796 ad‘
1577 3753 1686 3796 res
1732 3732 1913 3815 ipsas
1929 3780 1944 3806 ,
1991 3742 2133 3795 tum
2183 3732 2271 3794 ad
2315 3730 2661 3794 breviores

482 3858 747 3914 tantum
811 3849 1137 3916 librorum
1195 3858 1427 3930 partes
1480 3848 1837 3930 pertinent.
1928 3847 2462 3930 Pragmatismus
2507 3845 2626 3908 ille
2644 3893 2660 3919 ‚

485 3985 622 4047 quo
683 3966 890 4029 etiam
951 3963 1299 4046 superiore
1356 3964 1632 4027 saeculo
1698 3963 2005 4026 nonnulli
2050 3962 2412 4043 scriptores
2454 3960 2662 4022 histo-

484 4077 654 4144 riam
712 4080 977 4144 virtutis
1035 4079 1406 4142 ministram
1465 4089 1534 4142 et
1578 4078 2114 4161 praeceptricem
2158 4075 2384 4139 facere
2433 4075 2658 4138 conati

488 4207 644 4264 sunt
658 4246 673 4273 ‚
731 4217 869 4260 non
927 4195 1271 4278 prohibuit
1329 4195 1493 4280 quin
1546 4195 1905 4278 egregium
1950 4193 2358 4277 cognitionis
2401 4191 2658 4255 fontem

492 4312 832 4395 aperuerit
875 4311 1202 4393 Polybius
1220 4358 1235 4387 ‚
1282 4311 1469 4374 cuius
1514 4310 1750 4374 Livius
1765 4358 1780 4385 ‚
1825 4310 2168 4373 Diodorus
2186 4355 2202 4382 ,
2249 4307 2365 4372 alii
2394 4316 2659 4391 partem
