3375 5084
1416 323 1537 383 245

383 501 743 583 augendae
789 500 1102 581 cupiduS‚
1150 499 1461 561 societati
1505 498 1858 561 Achaicae
1906 520 1979 561 se
2028 499 2289 561 addixit
2335 500 2456 561 sed
2486 500 2574 561 ad

379 627 667 679 mortem
723 624 1056 698 perpetua
1102 615 1535 679 contentione
1582 635 1739 678 cum
1784 615 2004 678 Arato
2051 614 2371 678 conflixit.
2463 616 2575 678 Ex

378 732 484 794 his
547 732 711 795 satis
758 731 1016 794 clarum
1063 751 1213 793 esse
1261 732 1464 794 credo
1514 751 1665 793 eam
1714 731 2013 822 speciem
2059 752 2196 813 qua
2241 733 2572 812 deceptus

380 848 809 929 tyrannidem
854 847 1290 928 occupaverit
1332 846 1678 928 Lydiades
1698 895 1712 921 ,
1760 845 1965 909 fuisse
2006 847 2300 910 studium
2333 847 2572 909 salutis

378 963 655 1038 civium;
703 964 791 1025 ab
837 963 918 1025 iis
964 983 1142 1045 quae
1188 963 1479 1044 primum
1524 972 1603 1025 ut
1648 973 1972 1044 tyrannus
2008 983 2082 1025 se
2112 962 2571 1044 perfecturum

380 1100 531 1142 esse
593 1088 1018 1160 speraverat,
1084 1098 1250 1140 mox
1314 1098 1470 1141 cum
1514 1077 1867 1141 Achaicae
1914 1079 2256 1142 societatis
2301 1088 2579 1161 praetor

288 1214 293 1219 ’
382 1205 567 1259 esset
615 1195 837 1256 denuo
883 1194 1184 1275 suscepit
1200 1242 1213 1269 ,
1263 1214 1418 1256 eum
1462 1194 1813 1275 prohibuit
1851 1194 2124 1286 Aratus,
2175 1194 2263 1257 Et
2292 1194 2578 1257 fortasse

378 1312 555 1373 inter
622 1311 872 1373 multos
940 1310 1145 1373 etiam
1214 1311 1329 1372 alii
1391 1309 1662 1373 fuerunt
1723 1312 1992 1392 tyranni
2055 1312 2170 1392 qui
2227 1331 2363 1373 non
2424 1312 2572 1374 sola

379 1427 664 1489 avaritia
732 1437 803 1489 et
870 1427 1248 1508 imperandi
1315 1427 1631 1508 cupidine
1705 1429 2171 1490 movebantur.
2264 1425 2404 1491 Sed
2472 1428 2578 1491 his

383 1543 644 1605 omissis
660 1590 677 1616 ,
726 1542 1110 1606 Cleomenis
1155 1562 1430 1605 causam
1477 1562 1630 1606 cum
1674 1542 1875 1605 Arati
1924 1543 2485 1624 comparabimus,

475 1658 1024 1734 „Democratiam
1090 1659 1355 1722 veram''
1425 1659 1683 1722 Aratus
1752 1660 1821 1721 in
1880 1658 2358 1741 Peloponneso
2417 1679 2571 1722 con-

372 1776 683 1839 firmavit.
777 1774 1067 1857 Qualem
1129 1775 1459 1858 Polybius
1514 1797 1748 1839 veram
1809 1796 1958 1838 esse
2007 1786 2282 1840 censeat
2299 1824 2312 1848 ,
2363 1796 2568 1857 appa-

379 1893 558 1956 rebit
618 1892 824 1955 variis
887 1893 1055 1955 locis
1110 1894 1450 1975 inspectis,
1542 1893 1930 1958 Potentiam
1975 1893 2421 1956 multitudinis
2466 1871 2615 1955 ve-¹

376 2011 731 2072 hementer
806 2010 1049 2072 metuit
1072 2059 1085 2084 ,
1164 2019 1235 2072 et
1278 1983 1561 2073 ¹statum
1640 2010 2059 2091 reipublicae
2136 2009 2576 2072 Atheniensis

372 2135 531 2207 post
594 2124 932 2187 Periclem
992 2125 1360 2205 pessimum
1419 2124 1624 2188 fuisse
1686 2134 1920 2188 censet
1960 2120 2022 2202 ¹).
2114 2123 2364 2205 Populi
2408 2124 2574 2186 levi-

370 2250 584 2304 tatem
629 2241 834 2303 maris
863 2240 1160 2322 imagine
1185 2241 1523 2302 illustrare
1547 2241 1725 2303 solet
1749 2238 1812 2320 ²).
1857 2238 2085 2301 Verae
2110 2240 2566 2302 democratiae

372 2357 743 2439 praecipua
805 2356 1165 2420 commoda
1227 2365 1382 2419 sunt
1440 2337 1736 2437 Polybio
1799 2364 2078 2418 auctore
2126 2358 2450 2438 παρρησία
2500 2365 2570 2418 et

377 2474 671 2556 ἰσηγορία
734 2475 898 2556 (sive
966 2467 1285 2554 ῖσολογία)
1325 2471 1402 2553 ³),
1464 2473 1708 2553 quibus
1769 2471 2052 2534 vocibus
2113 2470 2386 2533 minime
2433 2471 2568 2552 sig-

373 2589 713 2666 nificatur,
783 2591 1208 2653 voluntatem
1280 2589 1553 2652 maioris
1620 2589 1857 2671 populi
1923 2589 2135 2670 partis
2159 2638 2173 2663 ‚
2244 2598 2320 2652 ut
2389 2589 2571 2669 apud

376 2706 836 2770 Athenienses
862 2755 875 2782 ,
961 2705 1167 2768 fuisse
1251 2726 1587 2767 summum
1671 2705 1999 2767 arbitrum
2082 2705 2170 2767 in.
2219 2705 2572 2785 republica

380 2824 717 2907 gerenda,
772 2822 842 2884 in
886 2820 1214 2885 faciendis
1257 2821 1447 2883 bello
1492 2841 1574 2884 ac
1619 2840 1825 2902 pace;
1873 2821 2107 2903 (veluti
2151 2821 2332 2901 apud
2377 2819 2571 2882 Rho-

465 3057 506 3138 1)
546 3059 613 3117 P.
656 3059 761 3117 VI.
807 3077 917 3131 44,
961 3056 1039 3116 de
1080 3075 1201 3133 quo
1241 3056 1378 3115 loco
1418 3055 1537 3115 vid.
1583 3076 1741 3134 supr.
1773 3077 1829 3133 p.
1865 3078 1939 3115 20
1963 3076 2049 3133 sq.
2094 3058 2159 3115 P.
2184 3075 2238 3115 a.
2261 3059 2328 3116 L.
2351 3057 2575 3115 XXXI.

373 3178 427 3217 e.
475 3178 580 3231 44:
624 3173 736 3216 nec
778 3174 1063 3232 umquam
1104 3153 1186 3215 ibi
1228 3154 1442 3214 desunt
1474 3151 1709 3234 linguae
1738 3165 2052 3232 promptae
2082 3156 2160 3214 ad
2183 3155 2416 3232 plebem
2436 3175 2574 3215 con-

373 3255 708 3330 citandam3
767 3254 931 3332 quod
988 3273 1173 3333 genus
1216 3274 1361 3314 ,cum
1410 3254 1472 3313 in
1514 3254 1789 3315 omnibus
1828 3241 2043 3315 liberis
2068 3253 2404 3315 civitatibus
2448 3265 2574 3314 tum

370 3355 691 3434 praecipue
745 3353 997 3414 Athenis
1013 3401 1027 3429 ,
1079 3353 1180 3415 ubi
1222 3353 1413 3415 oratio
1455 3354 1776 3431 plurimum
1817 3354 1999 3430 pollet
2018 3400 2032 3428 ,
2072 3354 2275 3414 favore
2315 3344 2576 3413 multitu-

369 3454 524 3516 dinis
565 3454 755 3513 alitur.

453 3553 504 3635 2)
546 3556 611 3613 P.
656 3555 851 3614 XXII.
908 3574 977 3613 12
1022 3561 1050 3625 ὅ
1094 3574 1129 3630 9
1173 3551 1323 3632 (Liv.
1370 3554 1446 3629 38
1489 3572 1536 3612 c.
1590 3572 1661 3610 10
1703 3550 1884 3612 latine
1926 3561 2160 3611 vertens
2202 3550 2373 3611 addit
2413 3553 2574 3627 „vul-

368 3664 508 3732 gata
562 3652 1006 3733 similitudine”)
1060 3651 1121 3711 in
1179 3651 1447 3713 oratione
1488 3650 1704 3712 Leonis
1745 3649 2121 3710 Atheniensis
2162 3669 2273 3727 pro
2315 3649 2572 3724 Aetolis;

371 3752 532 3813 idem
595 3752 657 3810 in
721 3751 988 3812 oratione
1043 3750 1332 3828 Scipionis
1389 3751 1468 3810 ad
1524 3750 1852 3811 Sucronem
1893 3752 1955 3809 P.
2002 3752 2107 3808 XI.
2156 3769 2230 3826 29
2271 3756 2299 3820 ξ
2344 3770 2379 3826 9
2423 3746 2572 3827 (Liv.

372 3853 655 3911 XXVIII.
729 3871 783 3910 c.-
855 3867 926 3926 27
1000 3870 1087 3927 sq.
1150 3848 1212 3908 in
1273 3849 1511 3927 reliquis
1571 3851 1798 3910 fontem
1862 3867 2238 3909 communem
2302 3857 2538 3907 secutus
2559 3894 2572 3921 ‚
2616 3914 2619 3918 ⁴

368 3949 595 4027 aliquot
651 3960 957 4011 momenta
1007 3947 1289 4010 orationis
1336 3968 1374 4008 a
1414 3948 1665 4026 Polybio
1709 3947 1958 4026 sumpsit
1973 3970 1989 4022 3
2032 3947 2183 4006 inter
2228 3966 2381 4023 quae
2422 3948 2538 4006 hoc
2559 3993 2572 4020 ‚

370 4071 423 4110 e.
474 4066 545 4125 27
590 4049 792 4131 med).

460 4147 508 4228 3)
550 4150 615 4208 P.
660 4150 738 4208 II.
783 4169 856 4222 42
901 4156 929 4220 ὅ
974 4167 1040 4224 3;
1084 4147 1335 4206 XXVII.
1381 4167 1420 4220 4
1460 4154 1488 4218 ς
1535 4162 1563 4221 7
1611 4146 1687 4206 de
1730 4144 2009 4220 Rhodiis3
2054 4146 2120 4203 P.
2156 4145 2376 4204 XXXI.
2413 4160 2465 4219 7.
2501 4147 2573 4203 16

371 4247 475 4328 (de
531 4247 812 4328 eisdem);
870 4265 1050 4325 quam
1105 4247 1182 4304 II.
1244 4246 1319 4321 38
1373 4254 1401 4317 §
1466 4248 1501 4304 8
1544 4254 1837 4305 memorat
1881 4251 2127 4318 ἰσότητα,
2176 4262 2245 4302 ea
2286 4242 2576 4323 significat
2617 4272 2630 4277 -

371 4366 494 4407 non
537 4366 715 4406 unam
757 4347 965 4408 urbem
1006 4345 1067 4404 in
1109 4342 1403 4405 Societate
1444 4343 1843 4423 principatum
1888 4342 2238 4405 exercuisse.
