3375 5084
1812 342 1933 399 144

775 534 829 576 e.
880 536 918 591 4
966 519 996 590 ἕ
1047 535 1208 592 9—-1
1233 514 1288 593 1)
1335 514 1764 576 occasionem
1811 514 2108 595 aliquam
2154 515 2464 596 arripuit,
2497 536 2652 578 cum
2685 515 2960 597 legatos

776 630 1067 692 Punicos
1156 630 1531 693 incolumes
1620 632 2164 711 praetermittere
2245 632 2580 694 Baebium
2656 633 2962 695 iussisset

774 742 1007 826 Scipio
1023 793 1039 819 ,
1110 755 1184 809 ut
1253 746 1399 808 eius
1465 744 1670 809 fidem
1731 747 1801 809 in
1861 746 2170 810 inimicos
2225 747 2428 810 etiam
2475 746 2962 829 perfidissimos

775 859 958 923 clare
1034 861 1439 924 ostenderet.
1544 861 1783 943 Neque
1852 854 2013 925 sine
2068 883 2273 926 causa
2339 863 2444 926 his
2495 864 2728 936 ‚tribus
2788 863 2959 926 locis

773 974 1011 1037 laudes
1071 973 1408 1057 Scipionis
1460 976 1771 1051 inseruit;
1820 987 2246 1060 cognoverat
2291 998 2408 1040 eas
2453 977 2637 1058 ipsas
2683 998 2792 1040 res
2838 978 2955 1039 ad-

771 1091 1095 1153 versariis·
1149 1089 1488 1172 Scipionis
1547 1093 2046 1174 vituperatione
2107 1094 2330 1176 magis
2377 1094 2621 1177 dignas
2668 1114 2818 1157 esse
2862 1093 2961 1155 vi-

773 1207 919 1268 deri
980 1227 1186 1288 quam
1245 1207 1483 1282 laude;
1548 1217 1617 1271 et
1677 1209 1860 1272 ultro
1921 1229 2039 1272 eos
2082 1207 2399 1272 refellere
2445 1210 2664 1273 voluit
2707 1209 2822 1291 qui
2867 1209 2964 1271 ita

771 1323 1165 1386 iudicarent.
1237 1322 1485 1406 Pugna
1531 1324 1711 1386 enim
1757 1325 1846 1386 ad
1890 1324 2264 1387 Baeculam
2311 1335 2515 1407 gesta
2545 1324 2964 1387 Hasdrubali

772 1439 1205 1502 occasionem
1278 1440 1467 1503 dedit
1543 1461 1635 1502 ex
1710 1439 2047 1522 Hispania
2113 1442 2183 1503 in
2250 1441 2520 1504 Italiam
2583 1441 2959 1504 exercitum

771 1554 1095 1630 ducendi,
1179 1566 1249 1619 et
1328 1556 1630 1619 Romam
1699 1558 1769 1619 in
1838 1567 2218 1621 extremum
2286 1556 2662 1638 periculum
2730 1557 2962 1630 duxit3

771 1671 1173 1735 seditionem
1219 1675 1310 1735 ad
1355 1671 1731 1738 Sucronem
1779 1672 2084 1756 Scipioni
2131 1676 2607 1757 exprobabant
2652 1674 2767 1756 qui
2807 1693 2964 1735 eum

771 1787 1167 1868 disciplinae
1220 1789 1494 1852 militari
1539 1810 1676 1852 non
1722 1791 1886 1854 satis
1931 1789 2175 1854 fecisse
2222 1800 2620 1873 arguerent3
2668 1790 2959 1871 denique

772 1903 841 1965 in
886 1902 1124 1966 Africa
1169 1903 1505 1968 interdum
1550 1906 1647 1968 ita
1694 1906 1840 1989 egit
1885 1905 2119 1988 Scipio
2137 1956 2151 1981 ,
2198 1916 2273 1969 ut
2316 1904 2607 1987 perfidia
2636 1906 2705 1967 in
2728 1904 2961 1968 hostes

774 2021 1041 2083 absolvi
1099 2041 1236 2083 non
1288 2042 1491 2103 posse
1537 2023 1866 2086 videatur.
1958 2024 2198 2105 Itaque
2246 2024 2303 2085 si
2347 2023 2641 2086 narratio
2687 2021 2961 2103 Polybii

770 2136 990 2219 magis
1026 2157 1255 2219 ,quam
1317 2158 1609 2220 aequum
1669 2139 1756 2202 sit
1813 2140 1901 2201 ad
1964 2137 2356 2219 Scipionem
2404 2137 2820 2201 efferendum
2866 2137 2964 2198 in-

772 2262 1028 2316 structa
1090 2263 1195 2317 est
1212 2303 1226 2328 ‚
1287 2274 1423 2316 non
1484 2254 1706 2317 solum
1765 2255 1897 2318 hoc
1957 2251 2234 2337 Polybii
2290 2256 2550 2318 auctori
2598 2264 2702 2318 est
2746 2254 2961 2333 impu-

770 2369 1086 2444 tandum;
1134 2369 1282 2450 ipse
1327 2369 1452 2432 has
1497 2370 1737 2433 laudes
1771 2380 2097 2452 quantum
2127 2371 2349 2452 potuit
2380 2371 2572 2434 auxit
2587 2420 2601 2445 ,
2634 2369 2959 2452 quidquid

775 2485 844 2547 in
889 2485 1140 2548 malam
1184 2496 1448 2568 partem
1494 2487 1670 2559 verti
1715 2488 1961 2568 potuit,
2009 2488 2284 2551 levavit.

863 2601 973 2664 Ex
1041 2602 1191 2664 aliis
1260 2604 1465 2665 rebus
1526 2623 1696 2684 quas
1754 2602 2084 2686 Polybius
2143 2603 2434 2666 mutavit
2472 2598 2519 2682 ¹)
2574 2622 2710 2664 una
2754 2600 2989 2674 etiam>

854 2863 899 2945 ¹)
956 2867 1049 2924 Ex
1091 2885 1181 2943 gr.
1230 2863 1293 2923 in
1333 2883 1538 2942 pugna
1577 2864 1656 2924 ad
1699 2866 1944 2924 Zamam
1959 2887 1976 2940 ;
2021 2864 2147 2924 Liv.
2192 2866 2384 2924 XXX.
2429 2884 2482 2924 c.
2529 2883 2636 2940 33:
2682 2860 2965 2938 „modico

765 2963 980 3024 deinde
1023 2963 1331 3024 intervallo
1363 2963 1569 3024 relicto
1601 2963 2011 3025 subsidiariam
2033 2964 2223 3023 aciem
2245 2963 2588 3024 Italicorum
2610 2960 2862 3020 militum
2886 2996 2972 3003 —

765 3063 977 3123 Bruttii
1018 3062 1284 3141 plerique
1324 3073 1493 3123 erant
1509 3109 1525 3138 ‚
1566 3062 1626 3122 vi
1668 3082 1742 3122 ac
1782 3063 2131 3123 necessitate
2172 3064 2370 3140 plures
2412 3082 2594 3139 quam
2623 3081 2730 3121 sua
2760 3060 2972 3120 volun-

766 3171 887 3222 tate
944 3163 1363 3223 succedentem
1420 3181 1492 3221 ex
1548 3161 1720 3221 Italia
1773 3162 2018 3222 secuti'’.
2103 3163 2227 3222 Pol.
2286 3164 2419 3222 XV.
2478 3181 2531 3221 e.
2582 3182 2648 3220 11
2696 3168 2724 3233 ξ
2769 3181 2835 3219 2:
2881 3164 2970 3220 ἐπὶ

768 3265 825 3322 δὲ
860 3271 993 3323 πᾶσι
1027 3267 1146 3331 τοὺς
1181 3268 1239 3333 ἐξ
1273 3262 1499 3330 Ἰταλίας
1534 3269 1751 3329 ἥκοντας
1784 3261 1904 3341 μεθ’
1945 3268 2131 3323 ἑαυτοῦ
2167 3268 2342 3323 πλεῖον
2371 3266 2401 3328 ἦ
2428 3266 2642 3322 στάδιον
2666 3268 2976 3325 ἀποστήσας
3044 3261 3055 3271 ’

766 3373 866 3421 τῶν
903 3369 1350 3440 προτεταγμένων.
1429 3361 1523 3418 De
1563 3357 1775 3444 iisdem
1818 3360 2019 3436 paullo
2060 3370 2198 3437 post
2237 3358 2366 3418 Liv.
2412 3378 2463 3419 e.
2509 3377 2581 3436 35
2627 3359 2727 3417 fin.
2773 3355 2972 3434 „Itali-

763 3478 867 3519 cos
884 3505 899 3533 ,
955 3457 1215 3518 incertos
1276 3457 1421 3518 socii
1477 3477 1554 3517 an
1594 3458 1795 3518 hostes
1836 3469 2031 3518 essent
2070 3457 2132 3517 in
2175 3468 2539 3536 postremam
2581 3457 2771 3517 aciem
2814 3475 2975 3515 sum-

764 3558 1032 3633 motos”;
1097 3559 1224 3617 Pol.
1288 3578 1340 3617 e.
1406 3560 1478 3619 16
1535 3565 1563 3629 ἓ
1620 3577 1691 3630 4:
1748 3562 1867 3626 τοὺς
1920 3562 1979 3619 δὲ
2033 3566 2441 3639 μαχιμωτάτους
2499 3570 2602 3618 τῶν
2667 3560 2867 3634 ἀνδρῶν
2918 3561 2972 3614 ἐν

765 3665 1055 3720 ἀποστάσει
1091 3662 1408 3738 παρενέβαλε
1444 3653 1587 3727 (τοὺς
1621 3663 1677 3729 ἐξ
1712 3655 1940 3725 Ἰταλίας
1973 3655 2095 3735 μεθ’
2135 3662 2320 3717 ἑαυτοῦ
2358 3653 2616 3736 ἥκοντας).
2697 3652 2975 3713 Traditio

766 3756 929 3834 apud
984 3765 1303 3832 utrumque
1357 3755 1521 3815 haud
1578 3753 1759 3815 dubie
1815 3754 2027 3814 eadem
2082 3763 2172 3814 est
2189 3800 2203 3828 ‚
2256 3753 2361 3813 sed
2412 3751 2693 3831 Polybius
2735 3753 2812 3812 ab
2853 3751 2974 3811 alio

769 3865 1014 3915 auctore
1069 3854 1342 3936 (fortasse
1397 3874 1434 3913 a
1489 3852 1831 3914 Massinissa
1847 3852 1898 3934 Ρ)
1952 3872 2094 3913 vera
2143 3851 2354 3912 didicit
2409 3862 2468 3912 et
2509 3852 2656 3911 haec
2698 3849 2973 3913 mutavit.

768 3955 889 4015 cfr.
946 3954 1126 4014 etiam
1185 3952 1314 4013 Liv.
1374 3975 1427 4013 c.
1484 3973 1563 4029 34
1619 3954 1753 4012 fin.:
1804 3952 1922 4029 „ad
1961 3971 2134 4013 veros
2174 3953 2374 4012 hostes
2416 3960 2767 4028 perventum
2807 3960 2935 4010 erat
2954 3994 2972 4022 ‚

765 4063 826 4114 et
887 4073 1192 4114 armorum
1255 4072 1469 4132 genere
1531 4061 1589 4112 et
1651 4072 1763 4111 usu
1818 4051 2055 4111 militari
2111 4061 2171 4111 et
2223 4052 2384 4110 fama
2423 4035 2623 4110 rerum
2666 4058 2969 4128 gestarum

768 4163 827 4213 et
889 4152 1295 4233 magnitudine
1359 4153 1453 4213 vel
1514 4150 1640 4229 spei
1702 4152 1796 4210 vel
1857 4150 2104 4228 periculi
2153 4161 2345 4227 pares
2361 4197 2376 4225 ,
2440 4150 2545 4210 sed
2609 4159 2670 4209 et
2725 4167 2974 4207 numero

770 4252 1036 4330 superior
1097 4255 1407 4313 Romanus
1468 4260 1629 4326 erat,
1693 4259 1754 4309 et
1814 4251 2051 4309 animo”
2072 4296 2086 4324 ,
2153 4270 2294 4309 cum
2353 4251 2480 4310 Pol.
2547 4269 2597 4308 e.
2668 4268 2744 4321 14
2806 4254 2834 4318 ξ
2898 4249 2971 4306 6:

772 4355 927 4413 ὄντων
977 4356 1037 4413 δὲ
1083 4357 1171 4412 καὶ
1215 4364 1290 4430 τῷ
1338 4356 1578 4417 πλήθει
1625 4355 1716 4409 καὶ
1762 4362 1900 4417 τοῖς
1940 4358 2303 4431 φρονήμασι
2349 4355 2438 4409 καὶ
2486 4361 2601 4416 ταῖς
2636 4355 2845 4427 ἀρεταῖς
2881 4351 2973 4406 καὶ
