3375 5084
1884 357 1962 432 76

902 546 1028 607 His
1075 545 1461 626 praemissis
1507 545 1594 607 de
1640 545 1913 627 Polybii
1959 544 2285 619 fontibuS,
2334 555 2645 627 superest
2688 556 2764 608 ut
2795 566 3004 626 quae-

812 681 1038 723 ramus
1083 662 1169 723 de
1216 661 1519 723 eiusdem
1564 659 1717 724 fide.
1809 660 1920 724 De
1966 661 2097 725 hoc
2143 661 2331 724 bello
2378 661 2494 724 alii
2539 634 2763 724 fontes
2799 662 3003 725 nobis

812 786 1085 858 praesto
1156 786 1311 840 sunt
1328 826 1342 851 ,
1412 794 1582 858 quos
1644 777 1760 859 qui
1819 778 2170 841 historiam
2230 778 2727 860 pragmaticam
2785 780 2871 841 de
2919 799 3004 841 eo

815 894 1110 956 scribere
1156 893 1442 956 instituit
1460 942 1474 968 ,
1520 894 1786 956 nonnisi
1832 914 2085 977 magno
2131 915 2254 957 suo
2303 906 2373 958 et
2419 895 2724 958 veritatis
2752 896 3002 957 damno

808 1009 1216 1091 neglexerit.
1321 1009 1479 1091 Ipse
1547 1009 1879 1091 Polybius
1949 1011 2277 1073 lectorem
2345 1020 2579 1073 monet
2644 1031 2730 1073 ne
2799 1010 2999 1073 nimis

812 1135 1165 1207 expectet;
1227 1126 1451 1188 omnia
1508 1125 1751 1188 sedulo
1799 1146 2112 1189 enarrare
2129 1175 2143 1201 ,
2191 1127 2315 1201 ait,
2361 1146 2497 1189 non
2542 1127 2998 1190 necessarium

809 1241 1006 1304 nobis
1060 1261 1211 1303 esse
1272 1241 1647 1304 videbatur.
1739 1241 1894 1304 Non
1940 1241 2119 1304 enim
2165 1235 2252 1303 de
2297 1242 2431 1304 hoc
2478 1242 2662 1305 bello
2710 1242 2997 1325 diligen-

808 1368 915 1420 ter
972 1377 1211 1419 verum
1273 1357 1602 1439 indagare
1650 1355 1971 1440 (ἱστορεῖν)
2017 1357 2403 1420 induximus
2420 1406 2433 1432 ,
2482 1359 2606 1420 sed
2650 1358 2844 1421 brevi
2885 1378 3000 1420 res

807 1473 1209 1555 praecipuas
1277 1483 1562 1556 tangere
1632 1474 1703 1556 (I.
1777 1494 1832 1536 0.
1908 1496 1979 1552 13
2053 1480 2083 1551 5
2150 1479 2187 1537 6
2251 1474 2434 1555 sqq.).
2479 1506 2485 1511 ·
2528 1474 2677 1537 Res
2738 1474 2805 1537 in
2864 1475 3000 1538 hoc

807 1589 995 1651 bello
1056 1590 1415 1671 quotannis
1477 1599 1711 1672 gestas
1774 1609 1927 1652 cum
1986 1610 2147 1652 cura
2192 1611 2231 1652 e
2278 1590 2573 1672 Polybio
2593 1638 2606 1665 ,
2654 1590 2963 1653 Diodoro
2982 1639 2997 1663 ,

807 1704 1095 1780 Zonara,
1157 1706 1306 1768 aliis
1368 1707 1687 1788 exposuit
1750 1705 1836 1769 H.
1901 1706 1973 1770 C.
2035 1706 2396 1769 Michaelis
2437 1703 2478 1788 1)
2496 1756 2510 1782 ,
2572 1707 2682 1770 0οἱ
2727 1727 2878 1769 cum
2926 1707 2996 1768 in

811 1822 1039 1884 multis
1085 1823 1291 1884 rebus
1337 1821 1666 1885 assentiar
1683 1871 1698 1897 ,
1746 1823 1815 1884 in
1861 1824 2130 1885 duobus
2176 1832 2414 1886 contra
2430 1872 2444 1898 ‚
2491 1824 2694 1885 rebus
2732 1823 3002 1905 Reguli

809 1936 893 2018 (p.
951 1958 1023 2015 13
1034 1936 1344 2018 3—149)‚
1393 1947 1464 1999 et
1507 1938 1713 2000 rebus
1759 1937 1916 2000 anni
1965 1958 2089 2017 247
2139 1938 2223 2020 (p.
2282 1937 2423 2020 173)
2470 1939 2779 2002 assentiri
2809 1939 3000 2000 nullo

810 2052 1015 2115 modo
1061 2073 1356 2134 possum.

898 2168 1227 2250 Polybius
1287 2170 1344 2232 si
1398 2170 1553 2251 plus
1617 2169 1808 2232 dedit
1852 2189 2059 2251 quarn
2104 2170 2411 2251 promisit
2427 2219 2440 2243 ,
2490 2180 2562 2232 et
2606 2171 2694 2232 de
2740 2168 3002 2251 aliquot

808 2285 1014 2347 rebus
1081 2285 1310 2359 brevi,
1371 2286 1460 2347 de
1521 2285 1673 2347 aliis
1738 2295 1975 2349 contra
2033 2285 2372 2348 uberrime
2436 2286 2757 2367 exposuit
2771 2334 2787 2359 ,
2835 2304 3002 2348 sane

809 2420 931 2462 suo
1000 2401 1143 2463 iure
1213 2401 1375 2483 egit.
1469 2399 1611 2464 Sed
1679 2401 1933 2465 idcirco
1993 2402 2139 2464 iure
2206 2402 2749 2482 reprehenditur,
2813 2402 3001 2482 quod

808 2516 1071 2598 aliquot
1115 2537 1223 2579 res
1267 2517 1464 2580 nimis
1507 2517 1968 2600 neglegenter
2014 2518 2358 2592 tractavit3
2392 2537 2476 2581 eo
2508 2517 2729 2599 magis
2755 2537 3001 2580 caven-

810 2634 973 2695 dum
1021 2642 1126 2696 est
1168 2653 1255 2695 ne
1303 2633 1453 2714 quis
1500 2654 1590 2696 ex
1636 2654 1720 2696 eo
1767 2633 1915 2696 solo
1961 2653 2071 2696 res
2114 2634 2315 2697 huius
2359 2633 2545 2696 belli·
2575 2652 2995 2715 cognoscen-

807 2749 931 2811 das
1006 2769 1157 2811 esse
1222 2750 1477 2817 credat.
1590 2749 1768 2811 Nam
1837 2749 2140 2831 graviter
2210 2749 2280 2810 in
2348 2749 2675 2831 temporis
2739 2748 3003 2811 ratione

809 2865 1076 2928 erravit.
1175 2865 1418 2928 Annus
1493 2866 1662 2928 belli
1750 2887 1820 2943 13
1908 2868 1986 2947 (a.
2078 2887 2109 2927 2
2123 2865 2226 2946 52)
2309 2865 2478 2928 nihil
2553 2865 3000 2928 memorabile

810 2979 1166 3043 obferebat
1239 2980 1364 3042 nisi
1442 2980 1626 3061 quod
1697 2980 2035 3042 Thermae
2107 2991 2177 3043 et
2245 2980 2496 3061 Lipara
2558 3000 2600 3041 a
2662 2958 3000 3042 Romanis

810 3106 1053 3179 captae
1115 3106 1270 3158 sunt
1322 3095 1417 3178 (P.
1463 3095 1513 3158 I.
1565 3118 1647 3175 39
1698 3101 1728 3172 5
1787 3097 1919 3177 13);
1966 3096 2165 3159 huius
2210 3096 2368 3158 anni
2416 3095 2732 3158 consules
2777 3095 3003 3157 Aure-

808 3212 974 3274 lium
1023 3212 1293 3276 Cottam
1340 3223 1409 3275 et
1460 3211 1829 3276 Servilium
1878 3211 2244 3276 Geminum
2286 3233 2424 3275 non
2468 3212 2844 3309 nominavit
2888 3212 2964 3274 P.
2986 3261 3002 3287 ,

809 3328 934 3390 sed
980 3348 1035 3391 0.
1085 3349 1168 3407 39
1218 3334 1248 3404 5
1306 3351 1327 3389 1
1387 3327 1703 3391 consules
1750 3328 1906 3391 anni
1957 3348 2117 3406 253,
2165 3333 2267 3404 58
2303 3327 2617 3391 consules
2657 3327 2814 3390 anni
2854 3347 3004 3405 251,

808 3444 1128 3507 nominat.
1198 3445 1466 3507 Deinde
1515 3466 1569 3507 0.
1621 3466 1704 3524 39
1755 3450 1785 3521 5
1845 3465 1915 3522 15
1965 3445 2268 3508 nominat
2314 3445 2627 3507 consules
2659 3445 2816 3506 anni
2844 3463 3001 3521 250;

811 3581 866 3623 0.
930 3582 1016 3638 40
1077 3560 1440 3623 revertitur
1500 3560 1589 3623 ad
1649 3580 1707 3623 a.
1778 3581 1937 3638 251,
1984 3570 2060 3624 ut
2105 3570 2391 3642 apparet
2437 3566 2467 3637 5
2527 3582 2591 3635 1;
2640 3580 2696 3622 0.
2745 3581 2820 3637 41
2876 3564 2909 3636 5
2959 3583 3005 3637 4

808 3696 1040 3739 rursus
1086 3677 1174 3738 ad
1220 3696 1471 3738 annum
1522 3697 1553 3737 2
1567 3696 1649 3754 50
1696 3676 1874 3740 redit
1892 3724 1906 3751 ‚
1956 3686 2027 3740 et
2070 3697 2158 3739 ne
2205 3677 2424 3739 lector
2467 3696 2577 3739 res
2622 3676 3002 3757 perturbet,

810 3792 1000 3855 addit
1064 3792 1245 3855 hunc
1315 3790 1520 3854 fuisse
1590 3792 1759 3854 belli
1830 3812 2080 3854 annum
2159 3813 2180 3853 1
2196 3813 2267 3869 43
2330 3793 2453 3855 sed
2513 3792 2660 3873 ipse
2715 3791 2967 3855 erravit
2987 3840 3003 3866 ,

811 3909 1064 3971 oblitus
1110 3929 1184 3971 se
1231 3908 1388 3970 anni
1432 3907 1615 3971 tertii
1660 3917 1731 3970 et
1777 3907 2024 3970 decimi
2057 3908 2373 3971 consules
2407 3907 2739 3981 omisisse;
2771 3907 3006 3970 dicere

817 4027 1148 4088 debuerat
1209 4046 1365 4087 eum
1427 4045 1577 4088 esse
1637 4025 1805 4088 belli
1865 4045 2115 4088 annum
2182 4047 2203 4087 1
2221 4045 2276 4103 5.
2368 4024 2548 4088 Hinc
2593 4024 2849 4088 factum
2897 4036 3010 4087 est

816 4151 894 4205 ut
964 4141 1277 4204 consules
1347 4141 1504 4203 anni
1582 4163 1605 4203 1
1619 4146 1658 4204 6
1730 4140 2091 4205 Claudium
2165 4141 2537 4204 Pulchrum
2597 4150 2667 4202 et
2733 4140 3008 4203 Iunium

909 4382 948 4464 ¹)
991 4383 1381 4458 Quaestiones
1423 4384 1501 4442 de
1541 4383 1699 4442 bello
1742 4381 1967 4442 Punico
2010 4381 2230 4460 prim0,
2274 4382 2435 4442 Trai.
2478 4384 2556 4443 ad
2598 4384 2790 4443 Rhen.
2827 4386 3012 4459 1846.
