3375 5084
1775 373 1944 458 134·

746 556 1008 629 septem
1096 546 1282 609 milia
1352 545 1700 607 hominum
1769 545 2006 607 domos
2073 543 2408 607 remisisse
2426 593 2439 618 ,
2511 543 2932 624 Carpetanos

744 684 1014 746 quoque
1064 664 1152 726 ab
1199 684 1288 725 se.
1319 662 1649 724 demissos
1697 660 2125 723 simulantem
2160 657 2218 741 1).
2267 699 2347 705 ——
2397 661 2622 723 Etiam
2653 662 2742 722 ad
2765 661 2931 722 artis

741 780 1013 843 criticae
1060 798 1365 841 normam
1413 777 1651 860 exegit
1697 774 1911 839 Sileni
1955 777 2432 851 narrationem,
2480 776 2707 839 omisit
2755 796 2932 838 som-

741 897 927 958 nium
985 895 1390 957 Hannibalis
1410 943 1423 967 ,
1472 903 1541 956 et
1587 891 2019 956 difficultates
2065 893 2320 956 itineris
2367 913 2408 955 a
2455 891 2690 956 Sileno
2734 892 2935 954 nimis

745 1022 980 1075 auctas
1043 1031 1192 1074 esse
1246 1011 1393 1091 ipse
1442 1019 1766 1091 expertus
1812 1009 2076 1084 statuit;
2126 1030 2261 1091 qua
2304 1009 2372 1071 in
2417 1029 2490 1071 re
2537 1008 2765 1071 nescio
2814 1029 2931 1070 an-

742 1148 878 1190 non
925 1128 1088 1192 satis
1136 1126 1543 1209 cogitaverit
1588 1126 1720 1188 hoc
1767 1125 1898 1188 iter
1941 1146 2066 1187 suo
2111 1135 2419 1207 tempore
2464 1145 2678 1207 parvo
2726 1124 2934 1187 comi-

743 1254 888 1307 tatu
952 1246 1167 1307 multo
1229 1242 1494 1306 facilius
1557 1263 1706 1304 esse
1769 1262 1974 1324 quam
2036 1240 2292 1324 agmini
2346 1241 2733 1304 Poenorum
2780 1262 2931 1303 esse

744 1359 998 1421 debuit.
1091 1358 1409 1421 Fortasse
1466 1359 1555 1419 ob
1604 1358 1893 1419 eandem
1940 1377 2216 1420 causam
2262 1357 2337 1439 (e.
2390 1376 2467 1434 55
2521 1363 2550 1433 5
2601 1357 2660 1437 6)
2707 1356 2932 1420 omisit

744 1495 921 1557 quae
984 1474 1260 1537 tradidit
1319 1473 1463 1535 Liv.
1525 1473 1732 1536 XXI.
1789 1494 1845 1535 e.
1912 1493 1989 1553 27
2058 1479 2087 1549 5
2139 1493 2171 1533 2
2195 1521 2208 1547 ‚
2256 1473 2527 1535 Poenos
2575 1493 2731 1536 cum
2777 1493 2930 1534 cae-

744 1591 1041 1653 dendum
1107 1599 1286 1652 esset
1348 1609 1591 1651 saxum
1609 1639 1624 1670 ‚
1685 1590 1903 1652 multo
1963 1588 2155 1671 ligno
2218 1588 2654 1652 circumiecto
2707 1590 2933 1652 incen-

744 1727 959 1787 soque
1007 1706 1313 1768 ardentia
1357 1725 1528 1767 saxa
1558 1704 1779 1767 infuso
1811 1715 2009 1768 aceto
2042 1703 2504 1787 putrefecisse.
2532 1743 2614 1750 -
2641 1704 2934 1768 Nomina

745 1824 1074 1898 locorum,
1120 1822 1429 1905 gentium
1445 1871 1459 1896 ‚
1506 1821 1853 1884 hominum
1901 1823 2114 1885 multa
2146 1822 2369 1885 omisit
2399 1822 2729 1904 Polybius
2760 1842 2935 1903 quae

746 1941 929 2020 apud
988 1938 1257 2000 Livium
1318 1937 1642 2020 leguntur
1678 1937 1754 2019 ²);
1820 1938 2023 2001 etiam
2088 1936 2393 2001 Silenum
2442 1959 2525 2001 ea
2570 1938 2936 2022 diligenter

745 2066 1184 2138 persecutum
1231 2075 1381 2118 esse
1423 2039 1717 2136 apparet
1763 2076 1918 2118 cum
1962 2056 2092 2117 hac
2139 2055 2208 2117 in
2253 2076 2325 2117 re
2364 2064 2710 2118 auctorem
2742 2076 2937 2118 suum

750 2193 825 2235 se
857 2193 991 2235 non
1021 2171 1435 2234 imitaturum
1468 2192 1617 2234 esse
1650 2171 1834 2235 dicat
1864 2172 1938 2234 P.
1966 2172 2104 2255 (ΙΙΙ.
2131 2191 2185 2234 e.
2221 2175 2305 2249 36
2338 2177 2368 2248 5
2406 2171 2481 2253 2).
2509 2209 2592 2216 —
2618 2171 2937 2253 Longum

749 2309 1114 2352 excursum
1161 2298 1396 2350 contra
1440 2287 1720 2351 inseruit
1766 2290 1852 2350 de
1899 2308 1972 2350 re
2004 2288 2477 2371 geographica
2507 2287 2644 2369 (III.
2678 2308 2733 2350 e.
2764 2293 2933 2365 36-

655 2451 663 2459 -
755 2405 891 2487 40),
959 2415 1029 2467 et
1088 2424 1454 2486 persaepe,
1518 2405 1635 2467 ubi
1690 2405 1989 2487 regionis
2037 2404 2320 2468 alicuius
2366 2425 2616 2467 nomen
2660 2404 2774 2467 vel
2818 2403 2940 2466 flu-

753 2521 949 2583 minis
1018 2530 1348 2583 memorat
1368 2569 1381 2595 ,
1449 2521 1644 2583 brevi
1714 2521 2017 2602 explicat
2086 2522 2288 2584 situm
2357 2530 2427 2583 et
2484 2521 2939 2584 conditionem

754 2637 1056 2719 regionis
1126 2637 1270 2699 eius
1337 2637 1449 2698 vel
1512 2635 1802 2699 fluminis
1864 2637 1991 2719 (ex.
2054 2658 2110 2700 e.
2159 2659 2243 2717 49
2291 2643 2321 2714 5
2371 2642 2541 2700 6—8
2592 2638 2677 2699 de
2722 2636 2940 2699 forma

753 2754 1015 2817 insulae
1061 2752 1556 2837 Allobrogum;
1606 2774 1659 2817 c.
1711 2774 1791 2834 47
1844 2761 1873 2831 5
1926 2759 2095 2817 2—-6
2136 2756 2226 2817 de
2257 2753 2534 2817 flumine
2565 2754 2939 2828 Rhodan03

755 2891 810 2932 e.
875 2893 896 2931 1
918 2891 995 2932 10
1045 2876 1075 2947 5
1125 2891 1163 2949 9
1214 2871 1301 2932 de
1346 2868 1620 2932 flumine
1666 2868 1922 2932 Aufido
1941 2919 1955 2945 ,
2003 2869 2176 2953 alia).
2224 2907 2306 2914 —
2355 2869 2581 2933 Etiam
2628 2869 2794 2932 alias
2832 2890 2941 2932 res

752 2986 1040 3049 mutavit
1111 2986 1442 3068 Polybius
1461 3035 1474 3061 ,
1544 2986 1822 3049 rationis
1890 3007 2054 3049 suae
2129 2987 2596 3070 pragmaticae
2665 3006 2940 3048 memor.

753 3102 1086 3184 Polybius
1156 3102 1312 3165 huic
1381 3104 1478 3165 rei
1540 3123 1863 3186 magnam
1925 3102 2205 3185 operam
2269 3124 2522 3166 navare
2589 3104 2766 3190 ‚solet
2783 3152 2796 3179 ‚
2866 3113 2941 3166 ut

703 3293 707 3297 ⁴
755 3240 863 3281 res
925 3220 1252 3301 temporis
1315 3220 1548 3282 ordine
1610 3230 1877 3283 enarret
1894 3269 1907 3294 ,
1970 3230 2047 3282 ut
2105 3211 2215 3283 res
2262 3241 2439 3302 quae
2487 3222 2731 3282 eodem
2775 3230 2942 3283 tem-

757 3356 925 3417 pore
972 3335 1195 3398 factae
1245 3336 1376 3398 sint
1423 3336 1626 3398 etiam
1672 3338 1918 3398 eodem
1964 3336 2117 3399 loco
2166 3346 2494 3419 exponat,
2543 3337 2655 3398 vel
2700 3337 2756 3398 si
2800 3337 2941 3398 lon-

752 3454 908 3535 gius
978 3453 1270 3533 spatium
1341 3453 1664 3534 temporis
1727 3453 1794 3514 in
1856 3454 2072 3516 altera
2131 3454 2373 3516 teritur
2387 3503 2401 3528 ‚
2448 3454 2710 3516 initium
2756 3463 2938 3516 certe

755 3570 897 3631 eius
944 3569 1043 3631 rei
1090 3569 1288 3631 simul
1335 3589 1490 3631 cum
1538 3569 1756 3631 altera
1786 3578 2055 3651 tangat,
2089 3580 2412 3632 eventum
2441 3579 2684 3651 postea
2717 3571 2942 3633 addat.

844 3988 884 4071 ¹)
947 3989 1069 4055 Hic
1128 3990 1297 4049 locus
1358 4008 1497 4048 cum
1552 3987 1752 4049 multis
1807 3988 1935 4050 aliis
1991 3990 2403 4050 demonstrant
2459 3988 2693 4049 Livium
2750 4008 2872 4048 non
2915 4009 2953 4048 e

754 4089 1004 4168 Polybio
1045 4087 1325 4149 hausisse.
1411 4088 1548 4148 Vid.
1595 4089 1876 4148 Bottcher
1917 4089 1952 4146 1.
1981 4090 2031 4147 ·l.
2078 4108 2138 4166 p.
2184 4105 2320 4165 374.

835 4187 885 4268 2)
926 4191 1035 4247 Ex.
1080 4208 1167 4266 gr.
1211 4190 1276 4247 P.
1325 4208 1378 4246 e.
1425 4206 1532 4265 50,
1578 4187 1706 4246 Liv.
1753 4208 1803 4246 c.
1854 4191 1927 4247 26
1970 4195 1998 4259 5
2042 4190 2077 4245 6
2135 4190 2385 4258 Volcae;
2427 4208 2480 4247 e.
2512 4207 2583 4265 31
2626 4189 2956 4260 56Bran-

751 4307 852 4347 cus
907 4287 1049 4361 alia3
1106 4289 1171 4346 P.
1217 4308 1269 4346 e.
1317 4289 1397 4364 69
1435 4295 1465 4359 5
1511 4306 1575 4360 1,
1619 4286 1745 4346 Liv.
1790 4307 1841 4346 c.
1888 4290 1966 4360 48
2008 4295 2038 4359 5
2079 4288 2115 4345 8
2156 4288 2436 4358 Dasius,·
2476 4289 2540 4345 P.
2587 4307 2639 4346 c.
2686 4306 2757 4359 41
2810 4294 2840 4358 5
2883 4306 2955 4361 4,

752 4386 879 4449 Liv,
926 4406 977 4445 c.
1026 4388 1098 4444 26
1142 4394 1170 4458 5
1211 4408 1249 4463 4
1295 4388 1609 4447 Saluvz'um
1659 4405 1850 4447 monS.
