3375 5084
1897 343 2014 383 212

864 516 1137 598 Polybii
1206 515 1622 578 narrationes
1675 524 1856 578 totas
1916 516 2140 577 tribuo
2197 514 2637 576 relationibus
2691 511 3035 593 magistra-

862 643 1051 695 tuum
1096 634 1210 695 vel
1255 633 1738 714 imperatorum
1783 630 2269 703 Achaicorum;
2316 629 2413 691 sic
2445 628 2710 690 XVIII.
2743 648 2799 689 c.
2835 646 3036 688 1—10

862 749 1217 831 egregiam
1263 749 1717 811 narrationem
1765 747 2084 828 colloquii
2129 767 2171 807 a
2215 746 2293 807 T.
2343 744 2424 827 Q.
2470 744 2851 807 Flaminino
2891 761 3038 805 cum

859 885 1028 947 rege
1074 865 1397 946 Philippo
1445 885 1501 926 a.
1560 886 1580 925 1
1596 884 1674 944 97
1728 863 1945 926 habiti
1977 872 2163 925 certe
2196 861 2463 943 accepit
2495 882 2536 923 a
2558 860 2720 922 viris
2743 857 3036 922 Achaeis

860 981 978 1062 qui
1025 982 1334 1055 aderant,
1382 979 1747 1043 Aristaeno
1794 981 1909 1043 vel
1954 979 2441 1060 Xenophonte.
2533 977 2614 1039 Id
2660 977 2866 1039 etiam
2908 994 3037 1036 ma-

860 1095 1179 1159 nifestum
1237 1095 1314 1159 fit
1374 1118 1429 1160 c.
1495 1102 1531 1158 8
1590 1102 1620 1173 ἓ
1671 1102 1743 1171 8;
1790 1096 2091 1159 secundo
2138 1095 2318 1158 enim
2365 1093 2686 1174 colloquii
2733 1092 2844 1154 die
2891 1090 3035 1152 Phi-

861 1212 1088 1294 lippus
1134 1233 1208 1274 se
1255 1212 1476 1275 solum
1522 1232 1675 1275 cum
1722 1213 1870 1274 solo
1916 1211 2074 1275 Tito
2122 1211 2453 1274 disserere
2499 1208 2682 1271 velle
2729 1207 2904 1268 dixit
2921 1253 2934 1280 ,
2978 1215 3042 1266 et

859 1329 1208 1409 utriusque
1269 1328 1550 1391 comites
1610 1329 1825 1391 tribus
1879 1329 2188 1410 exceptis
2233 1326 2540 1409 paullum
2585 1330 3035 1393 secesserunt;

862 1445 1025 1527 quid
1071 1454 1298 1508 autem
1317 1494 1330 1519 ,
1378 1445 1473 1507 ait
1517 1445 1592 1507 P.
1612 1495 1625 1520 ,
1674 1455 1833 1508 tunc
1881 1466 2113 1508 secum
2161 1442 2574 1507 confabulati
2606 1441 2738 1504 sint
2771 1436 3039 1502 difficile

861 1562 1047 1624 dictu
1107 1570 1212 1624 est
1227 1611 1241 1635 ,
1304 1572 1566 1625 tantum
1628 1562 1855 1625 dicere
1916 1581 2276 1643 possumus
2331 1559 2494 1641 quid
2552 1568 2797 1640 postea
2859 1555 3045 1618 Titus

861 1677 947 1739 de
1015 1677 1146 1739 hoc
1211 1678 1553 1758 colloquio
1613 1698 1767 1740 cum
1828 1678 2188 1741 comitibus
2246 1677 2385 1739 suis
2432 1671 3040 1739 communicaverit

861 1792 1101 1873 Itaque
1146 1802 1339 1874 patet
1357 1843 1371 1868 ‚
1420 1794 1508 1855 ab
1554 1794 1658 1856 his
1705 1794 1844 1856 Titi
1890 1793 2275 1867 comitibuS,
2323 1793 2499 1854 inter
2543 1810 2716 1872 quos
2749 1788 3045 1850 Aristae-

858 1928 984 1970 nus
1041 1917 1111 1971 et
1156 1909 1553 1991 Xenophon
1570 1959 1584 1984 ‚
1630 1929 1769 1972 non
1814 1911 1902 1971 ab
1949 1909 2337 1972 auctoribus
2383 1906 2853 1970 Macedonicis
2869 1953 2884 1978 ,
2931 1923 3047 1966 sua

861 2024 1176 2102 didicisse
1221 2025 1603 2106 Polybium.
1675 2024 1792 2090 Sic
1837 2025 2265 2088 Nicostratus
2310 2032 2587 2105 praetor
2632 2022 2810 2084 Ach.
2842 2018 3047 2083 adfuit

864 2141 1202 2222 colloquio
1250 2162 1308 2203 a.
1366 2164 1387 2203 1
1404 2162 1484 2221 97
1534 2162 1576 2204 a
1619 2142 2000 2204 Flaminino
2049 2150 2119 2204 et
2166 2141 2408 2204 Attalo
2454 2159 2670 2221 prope
2712 2139 3047 2219 Mycenen
3079 2111 3085 2116 ¹

863 2275 1020 2318 cum
1078 2257 1346 2319 Nabide
1407 2257 1675 2331 habito;
1739 2258 2159 2321 Nicostratus
2221 2277 2376 2320 cum
2421 2265 2710 2337 tyranno
2756 2254 3043 2317 indutias

861 2371 1025 2435 facit
1092 2372 1187 2454 (P.
1251 2393 1309 2435 a.
1371 2372 1446 2435 L.
1510 2373 1829 2436 XXXII.
1894 2395 1948 2437 c.
2009 2396 2091 2456 39
2140 2374 2274 2456 sq.).
2366 2374 2652 2436 Praeter
2698 2392 2821 2434 eos
2866 2371 3048 2433 locos

863 2489 1107 2569 quibus
1170 2509 1280 2552 res
1340 2510 1382 2550 a
1442 2490 1604 2553 viris
1663 2490 1967 2554 Achaeis
2028 2492 2216 2554 bello
2279 2501 2514 2574 gestas
2559 2490 2917 2553 traduntur
2960 2487 3050 2567 (ut

862 2603 1009 2667 Liv.
1071 2604 1422 2668 XXXIII.
1486 2627 1540 2668 c.
1611 2628 1686 2684 14
1734 2607 2103 2671 Nicostrati
2149 2628 2206 2670 a.
2264 2628 2418 2688 197;
2467 2606 2613 2669 Liv.
2665 2600 3047 2668 XXXVII.

857 2864 920 2924 in
961 2868 1308 2944 Aegyptum
1349 2867 1561 2928 missus
1602 2888 1655 2928 a.
1709 2872 1839 2944 187.
1904 2871 2057 2931 Ibid.
2102 2893 2155 2931 e.
2207 2891 2273 2931 11
2323 2893 2409 2949 sq.
2453 2872 2566 2950 leg.
2611 2872 2767 2930 Ach.
2801 2872 3051 2930 Romam

859 2985 937 3024 m.
1006 2984 1059 3025 a.
1131 2969 1263 3039 184.
1320 2969 1387 3025 P.
1442 2970 1662 3027 XXIV.
1721 2990 1772 3027 c.
1843 2990 1997 3046 1——4
2036 2971 2359 3050 legationes
2400 2970 2672 3030 Achaica
2714 2980 2774 3029 et
2817 2969 3054 3028 aliarum

863 3064 1128 3142 gentium
1169 3067 1433 3141 Romae3
1476 3069 1554 3126 de
1595 3068 2046 3130 Lacedaemone
2089 3070 2428 3131 decernitur
2469 3090 2523 3132 a.
2567 3071 2793 3130 Senatu
2835 3088 2885 3128 a.
2933 3069 3054 3142 183.

862 3165 926 3221 P.
981 3165 1204 3222 XXIV.
1262 3184 1315 3222 c,
1381 3184 1485 3236 10,
1543 3184 1597 3223 a.
1648 3167 1759 3225 182
1802 3167 2009 3245 legatis
2050 3169 2305 3229 Achaeis
2347 3187 2385 3228 a
2426 3169 2649 3229 Senatu
2691 3169 2910 3228 acerbe
2950 3185 3056 3225 res-

861 3262 1191 3338 pondetur3
1248 3263 1454 3323 relatio
1511 3264 1587 3337 Q.
1646 3264 1873 3324 Marcii.
1935 3268 2000 3325 P.
2043 3269 2235 3326 XXV.
2279 3287 2331 3327 c.
2380 3288 2446 3342 2,
2491 3287 2548 3326 a.
2597 3270 2706 3326 181
2756 3269 2872 3345 leg.
2913 3265 3056 3324 Ach.

861 3362 1113 3420 Romae.
1179 3362 1240 3418 P.
1307 3364 1589 3421 XXVHI.
1646 3383 1700 3421 c,
1764 3367 1867 3434 16,
1926 3384 1979 3424 a.
2045 3369 2156 3443 169
2210 3367 2322 3444 leg.
2376 3368 2533 3425 Ach.
2575 3366 2656 3426 ad
2698 3365 3057 3426 Antiochum

862 3457 1022 3518 missi
1037 3480 1053 3533 3
1113 3478 1165 3517 c.
1226 3477 1295 3535 17
1351 3461 1682 3539 legatorum
1727 3463 1917 3524 oratio
1935 3510 1949 3538 ,
1992 3464 2277 3525 Antiochi
2318 3484 2690 3542 responsum.
2735 3467 2803 3524 P.
2849 3463 3056 3523 XXXI.

864 3577 917 3616 c.
978 3560 1048 3632 6,
1105 3577 1158 3616 e.
1218 3559 1287 3632 8,
1345 3576 1397 3617 a.
1464 3563 1577 3632 164
1623 3561 1737 3638 leg.
1781 3562 1930 3620 Ach.
1975 3582 2085 3639 pro
2130 3562 2243 3623 reis
2285 3563 2566 3624 Achaicis
2607 3566 2846 3625 Romae
2889 3563 3059 3624 verba

826 3654 1102 3726 faciunt.
1162 3657 1229 3716 P.
1285 3658 1537 3716 XXXII.
1595 3678 1649 3717 c.
1713 3675 1778 3734 7,
1843 3679 1897 3718 a.
1948 3662 2093 3735 160,
2136 3660 2329 3736 idem3
2379 3683 2429 3722 c.
2483 3681 2552 3739 17
2597 3683 2711 3740 pro
2756 3662 2961 3723 Deliis,
2999 3661 3057 3718 P.

863 3754 1149 3814 XXXIII.
1194 3774 1243 3813 c.
1297 3775 1323 3813 1
1372 3775 1459 3832 sq.
1500 3775 1613 3832 pro
1653 3755 1800 3831 reis,
1843 3775 1897 3816 a.
1948 3775 2094 3836 155,
2138 3769 2196 3819 et
2240 3779 2293 3820 c.
2344 3781 2448 3837 13,
2491 3781 2545 3822 a.
2595 3779 2709 3839 153
2753 3761 2934 3822 idem.

948 3851 1064 3911 His
1103 3852 1248 3913 locis
1288 3872 1411 3913 non
1451 3853 1658 3914 addidi
1699 3856 1765 3913 P.
1810 3857 2030 3915 XXVI.
2075 3877 2127 3916 c.
2179 3878 2204 3916 1
2252 3866 2282 3930 ξ
2326 3861 2362 3918 8
2411 3896 2491 3904 -
2535 3880 2582 3920 c.
2633 3881 2668 3936 3
2711 3859 3058 3938 legationem

868 3968 906 4008 a
966 3950 1281 4011 Callicrate
1343 3954 1602 4012 Romam
1658 3953 1879 4012 factam
1894 4000 1911 4029 ‚
1968 3954 2107 4031 quia
2164 3955 2322 4016 enim
2372 3957 2591 4018 diserte
2632 3958 2716 4018 ait
2757 3957 3057 4036 PolybiuS,

870 4047 1246 4109 Callicratem
1308 4051 1452 4110 falsa
1515 4051 1591 4110 de
1645 4051 1760 4111 hac
1815 4052 2097 4114 relatione
2152 4055 2579 4117 renuntiavisse
2596 4103 2611 4131 ,
2668 4067 2730 4117 et
2783 4057 3058 4134 populum

872 4145 1252 4207 Achaeorum
1305 4147 1579 4227 ignarum
1634 4148 1810 4209 fuisse
1852 4150 1977 4210 eius
2019 4152 2184 4229 quod
2222 4153 2285 4212 in
2326 4155 2549 4214 Senatu
2590 4175 2804 4216 revera
2841 4157 3057 4215 locutus

875 4252 1028 4301 esset
1081 4241 1154 4323 (c.
1217 4266 1251 4321 3
1308 4254 1336 4318 ξ
1399 4245 1495 4327 14)
1596 4249 1812 4308 Postea
1871 4269 2077 4310 verum
2119 4253 2468 4331 cognovisse
2511 4253 2751 4315 videtur
2793 4252 3056 4332 Polybius

877 4340 954 4398 ab
995 4340 1119 4400 aliis
1156 4343 1363 4420 legatis
1406 4364 1544 4405 cum
1587 4344 1899 4407 Callicrate
1941 4348 2129 4409 missis
2144 4395 2160 4425 ‚
2203 4352 2479 4428 Lydiada
2519 4363 2579 4413 et
2608 4356 2805 4415 Arato
2825 4351 3053 4413 iuniore.
