3375 5084
1913 366 2027 423 162

884 557 1268 618 habendam
1343 575 1495 617 esse
1570 575 1834 618 cense0.
1951 552 2093 619 Sed
2168 561 2435 617 constat
2510 552 2600 614 ob
2670 550 2740 612 id
2806 547 3054 612 facinus

883 672 1174 734 Aratum
1244 672 1330 734 de
1398 670 1880 734 Aristomacho
1951 669 2358 751 supplicium
2419 686 2687 754 sumere
2749 685 2885 727 non
2943 683 3055 744 po-

880 787 1103 849 tuisse.
1194 785 1435 848 Nonne
1501 795 1743 868 postea
1810 806 1968 848 eum
2036 804 2269 848 secum
2337 783 2632 846 amicitia
2705 780 3057 844 conciliare

878 904 1174 966 studuit?
1247 924 1469 966 nonne
1546 923 1880 965 summum
1957 903 2132 965 inter
2199 901 2522 964 Achaeos
2590 898 3055 980 magistratum

879 1017 997 1080 ille
1070 1018 1403 1080 obtinuit?
1479 1015 1554 1081 Si
1620 1018 1800 1080 illius
1871 1016 2186 1080 facinoris
2248 1037 2454 1080 causa
2517 1035 2674 1078 eum
2732 1012 3058 1095 supplicio

880 1135 1164 1215 dignum
1220 1154 1371 1196 esse
1416 1134 1727 1198 crederet
1771 1133 2028 1220 Aratus
2049 1183 2063 1209 ,
2110 1153 2354 1215 pacem
2400 1132 2702 1195 oblatam
2749 1147 3057 1192 recusare

878 1252 1130 1312 nedum
1204 1251 1354 1331 ipse
1428 1270 1672 1331 pacem
1749 1249 1994 1314 offerre
2013 1299 2027 1325 ,
2097 1260 2167 1313 et
2234 1250 2303 1312 in
2371 1248 2558 1311 bello
2626 1264 3059 1329 perseverare

879 1367 1238 1439 debuerat;
1317 1366 1500 1447 quod
1576 1386 1731 1429 cum
1806 1386 1943 1429 non
2016 1360 2289 1438 fecerit,
2361 1364 2463 1427 illi
2529 1342 2743 1427 facile*
2798 1359 3063 1444 ignosci

878 1485 1081 1563 posse
1141 1477 1432 1546 Aratum
1490 1483 1832 1546 censuisse
1878 1491 2180 1564 apparet.
2230 1519 2313 1526 --
2361 1480 2579 1543 Immo
2624 1480 2783 1542 huic
2828 1479 3060 1542 crude-

880 1598 1053 1661 litati
1097 1598 1301 1679 plane
1348 1599 1522 1661 aliae
1571 1618 1817 1661 causae
1848 1598 2134 1661 fuerunt.
2202 1596 2397 1679 Quae
2430 1596 2837 1659 Plutarchus
2859 1593 3066 1657 tradit

881 1715 1245 1777 ostendunt
1262 1763 1276 1789 ,
1341 1714 1613 1795 saepius
1668 1714 1993 1777 invidiam
2037 1714 2377 1795 quandam
2425 1722 2495 1776 et
2539 1710 3064 1774 aemulationem

877 1829 1085 1892 fuisse
1153 1831 1329 1893 inter
1394 1830 1687 1895 Aratum
1760 1810 1843 1893 et'
1903 1850 2024 1893 eos
2092 1830 2234 1911 qui,
2307 1850 2460 1892 cum
2528 1838 2731 1891 antea
2799 1825 3067 1908 tyranni

877 1944 1161 2008 fuissent
1176 1994 1190 2020 ,
1252 1946 1536 2026 imperio
1601 1947 1940 2029 abrogato
2003 1966 2157 2008 cum
2210 1937 2514 2007 Achaeis
2561 1964 2636 2007 se
2683 1941 3066 2007 coniunxis-

879 2072 1045 2125 sent.
1117 2059 1232 2125 Sic
1278 2062 1624 2143 Lydiades
1642 2110 1656 2136 ,
1703 2061 2446 2144 Megalopolitanorum
2491 2070 2815 2142 tyrannus
2833 2107 2847 2133 ,
2879 2067 3066 2140 post-

881 2198 1086 2259 quam
1148 2178 1425 2241 foedere
1490 2187 1814 2261 acceptus
1875 2189 1980 2242 est
1996 2227 2010 2254 ,
2073 2179 2313 2241 crebra
2366 2188 2437 2241 et
2478 2176 2865 2241 vehementi
2914 2196 3069 2239 con-

878 2295 1178 2358 tentione
1249 2315 1404 2358 cum
1474 2295 1694 2358 Arato
1765 2294 2068 2358 conflixit
2084 2344 2098 2370 ,
2165 2315 2341 2376 quae
2406 2294 2613 2357 etiam
2673 2293 2774 2356 illi
2832 2292 3071 2355 mortis

879 2431 1084 2474 causa
1173 2411 1299 2474 fuit
1354 2406 1412 2493 1).
1550 2411 2069 2474 Aristomachus
2145 2422 2373 2475 autem
2450 2430 2605 2474 cum
2679 2419 3069 2491 praeturam

879 2527 1277 2591 obtinuisset
1293 2576 1307 2602 ,
1362 2527 1654 2589 Aratum
1700 2528 1984 2590 invitum
2029 2527 2323 2591 Athenis
2367 2527 2618 2590 reverti
2663 2526 2954 2589 iusserat
2995 2524 3040 2605 2)
3056 2573 3070 2598 ,

873 2644 944 2706 in
1035 2664 1278 2726 agrum
1352 2643 2051 2706 Lacedaemoniorum
2125 2644 2520 2718 invasurus;
2596 2642 2830 2725 paullo
2916 2650 3074 2723 post

878 2759 1135 2824 Aratus
1157 2809 1170 2835 ,
1249 2762 1339 2822 ad
1410 2760 1822 2823 Pallantium
1893 2759 2260 2824 Cleomene
2331 2770 2727 2824 occurrente
2796 2759 3072 2840 exig-uis

879 2877 1092 2958 copiis
1109 2926 1123 2951 ,
1170 2897 1325 2939 cum
1370 2876 1640 2940 Achaei
1684 2876 1900 2940 multo
1946 2877 2272 2940 maiorem
2305 2878 2641 2939 haberent
2671 2875 3070 2949 exercitum,

879 3012 1131 3073 magno
1193 3012 1346 3054 cum
1403 3013 1526 3055 suo
1575 2994 1912 3055 dedecore
1957 2993 2313 3075 impedivit
2357 2993 2715 3073 quominus
2759 3011 3069 3073 pugnam

879 3108 1078 3170 iniret
1145 3107 1662 3171 Aristomachus
1703 3107 1777 3188 ³).
1884 3109 2038 3173 Hac
2105 3110 2206 3172 ira
2275 3117 2654 3172 commotus
2723 3107 3072 3189 Lydiades

879 3222 1078 3286 Arati
1131 3244 1380 3287 nomen
1425 3226 1515 3286 ad
1560 3225 2002 3288 Achaeorum
2048 3225 2412 3289 concilium
2457 3224 2702 3287 detulit
2718 3272 2731 3299 ,
2779 3233 2849 3286 et
2896 3224 3072 3286 veri-

860 3339 1292 3403 'simillimum
1355 3351 1459 3404 est
1519 3342 1694 3405 hanc
1747 3362 1892 3405 rem
1938 3342 2464 3405 aemulationem
2510 3340 2712 3404 Arati
2758 3350 2828 3403 et
2874 3340 3072 3402 Aris-

880 3457 1181 3519 tomachi
1255 3458 1324 3519 in
1400 3459 1628 3521 odium
1698 3459 1991 3541 capitale
2062 3459 2351 3522 auxisse.
2466 3457 2669 3522 Certe
2736 3457 3071 3539 Polybius

879 3574 1079 3655 aequi
1125 3574 1363 3636 iudicis
1407 3594 1686 3638 munere
1732 3575 2002 3639 functus
2045 3596 2182 3639 non
2229 3572 2383 3638 esse
2425 3576 2694 3639 videtur
2709 3624 2723 3650 ,
2763 3574 2882 3655 qui
2913 3593 3070 3637 cum
3171 3581 3175 3587 ’

881 3688 1174 3751 Aratum
1235 3689 1443 3752 debili
1497 3701 1902 3772 arg-umento
1949 3711 2109 3754 usus
2155 3692 2359 3772 culpa
2404 3687 2704 3754 levasset
2721 3739 2735 3765 ,
2781 3690 3071 3772 Phylar-

881 3805 1083 3868 chum
1130 3805 1377 3869 acriter
1419 3808 1948 3888 reprehenderit.
2181 3863 2188 3871 .

971 3920 1055 3982 V.
1131 3920 1190 3982 E
1237 3921 1527 4003 Polybio
1576 3923 1894 3985 discimus
1911 3972 1925 3998 ,
1972 3922 2437 4005 Phylarchum
2481 3923 2825 3986 interitum
2871 3922 3068 3985 Man-

975 4194 1015 4276 ¹)
1054 4198 1139 4256 Pl.
1186 4200 1349 4256 Arat.
1401 4215 1474 4274 37
1521 4209 1579 4258 et
1624 4217 1699 4277 35
1743 4201 1842 4258 fin.

966 4293 1016 4374 2)
1060 4297 1224 4354 Arat.
1271 4317 1320 4355 c.
1370 4315 1463 4374 35.

970 4389 1017 4472 3)
1058 4392 1210 4465 Ibid.
1251 4405 1310 4453 et
1352 4396 1575 4455 Cleom.
1622 4417 1679 4469 4.
