3375 5084
1498 382 1620 441 253

467 533 580 619 V.
621 579 742 634 104
790 562 820 633 5
879 578 954 618 1o
1001 555 1079 638 (a.
1132 577 1163 617 2
1182 556 1279 636 16)
1324 556 1672 638 Agelaum
1719 565 2020 619 utentem
2066 555 2356 631 fecerat;
2406 556 2649 619 deinde

466 672 865 734 incredibile
924 672 1194 734 videtur
1252 671 1470 733 virum
1516 671 1950 734 Acarnanem
1997 673 2170 734 adeo
2218 671 2509 735 Aetolos
2554 673 2649 734 in-

468 788 813 869 crepuisse
890 788 979 849 ob
1055 785 1295 850 foedus
1373 807 1527 856 cum
1600 787 1936 850 Romanis
1955 836 1969 862 ,
2046 797 2255 870 gente
2324 789 2616 851 barbara
2632 838 2648 869 ,

465 901 721 966 factum
739 952 753 974 ‚
801 904 1118 984 quoniam
1164 903 1347 983 ipsos
1393 901 1792 965 Acarnanes
1836 902 2088 983 primos
2117 903 2416 965 omnium
2441 901 2652 966 Grae-

467 1038 702 1081 corum
767 1017 1120 1081 Demetrio
1188 1018 1258 1081 in
1318 1018 1728 1081 Macedonia
1787 1027 2119 1100 regnante
2179 1019 2648 1081 Romanorum

468 1136 797 1198 auxilium
857 1145 1093 1198 contra
1152 1134 1442 1198 Aetolos
1497 1134 1854 1198 invocasse
1898 1144 2135 1197 notum
2179 1144 2284 1198 est
2324 1130 2397 1216 ¹);
2445 1155 2650 1217 quam

467 1270 613 1312 rem
675 1270 1007 1332 nusquam
1068 1250 1470 1313 memoravit
1529 1249 1859 1332 Polybius
1877 1298 1891 1324 ,
1951 1260 2022 1313 et
2065 1250 2271 1312 etiam
2316 1251 2448 1313 hoc
2494 1251 2650 1314 loco

468 1387 625 1429 eum
672 1365 931 1449 fugisse
978 1367 1200 1429 credo,
1269 1365 1544 1429 Partem
1589 1366 1798 1448 igitur
1842 1365 2163 1428 orationis
2208 1365 2429 1447 ipsum
2473 1387 2652 1429 com-

465 1483 773 1564 posuisse
822 1482 1056 1558 credo;
1104 1482 1226 1545 sed
1255 1502 1447 1545 suam
1485 1482 1889 1545 sententiam
1917 1483 2051 1545 hoc
2076 1483 2281 1545 modo
2305 1503 2651 1564 exponere

467 1618 604 1661 non
649 1607 933 1661 conatus
980 1608 1100 1662 est.
1170 1598 1495 1680 Lyciscus
1542 1598 1637 1661 ait
1682 1598 2130 1661 Macedoniae
2176 1600 2381 1661 robor
2417 1620 2649 1662 neces-

469 1714 719 1775 sarium
767 1734 916 1777 esse
962 1714 1307 1777 securitati
1356 1712 1686 1779 Graeciae
1734 1713 1810 1796 (c,
1861 1734 1940 1792 35
1977 1719 2008 1790 5
2041 1713 2126 1794 3);
2157 1752 2238 1758 -
2267 1724 2339 1777 at
2361 1714 2652 1796 Polybio

374 1806 381 1813 ⁶
468 1829 605 1891 iam
676 1849 759 1891 eo
817 1839 1127 1910 tempore
1188 1829 1487 1892 Romani
1547 1839 1704 1892 sunt
1765 1828 2157 1892 defensores
2205 1827 2535 1894 Graeciae
2576 1829 2652 1911 ²),

469 1945 754 2007 totidem
817 1946 1045 2008 verbis
1103 1946 1458 2027 imperium
1520 1946 1912 2009 Romanum
1965 1946 2413 2010 Macedonico
2458 1967 2653 2029 prae-

470 2061 627 2124 tulit
667 2059 737 2144 ³);
787 2099 871 2105 —
917 2063 1272 2125 Romanos
1319 2083 1470 2125 esse
1515 2063 1844 2125 barbaros
1889 2062 1966 2145 (c.
2016 2082 2094 2141 37
2147 2068 2179 2139 5
2228 2062 2287 2144 6)
2321 2072 2390 2126 et
2427 2063 2653 2126 alieni-

469 2198 687 2260 genas
775 2179 828 2260 (5
902 2178 998 2258 7);
1078 2215 1161 2224 —-
1233 2189 1304 2242 at
1371 2179 1506 2242 alia
1574 2179 1878 2242 oratione
1946 2178 2276 2260 Polybius
2344 2166 2654 2262 legatum

467 2291 962 2356 Atheniensem
1031 2293 1439 2357 refutantem
1505 2292 1669 2357 facit
1736 2303 2073 2357 oratorem
2133 2294 2651 2359 Macedonicum

467 2411 582 2492 qui
655 2410 895 2473 iisdem
965 2411 1248 2474 vocibus
1317 2421 1552 2474 contra
1614 2412 1972 2475 Romanos
2031 2431 2191 2474 usus
2249 2422 2396 2475 erat
2432 2411 2507 2494 4);
2573 2451 2652 2458 —-

466 2527 758 2609 denique
826 2526 1222 2608 Romanos,
1295 2548 1465 2609 quos
1535 2537 1772 2591 contra
1836 2527 2229 2610 Philippum
2296 2528 2651 2592 invocasse

466 2642 594 2704 sibi
663 2642 1054 2705 viderentur
1119 2641 1387 2717 Aetoli,
1451 2652 1686 2706 contra
1746 2651 1961 2705 totam
2008 2641 2367 2706 Graeciam
2411 2663 2653 2712 revera

464 2758 818 2820 invocatos
880 2778 1031 2821 esse
1096 2768 1165 2821 et
1221 2758 1377 2821 huic
1424 2758 1785 2821 multarum
1833 2758 2294 2821 calamitatum
2341 2768 2652 2822 auctores

464 2871 610 2935 fore
673 2873 749 2956 (c.
816 2894 895 2953 37
959 2880 991 2951 5
1048 2873 1176 2955 ιο);
1226 2912 1310 2918 -
1358 2884 1431 2937 at
1474 2875 1589 2956 qui
1634 2874 1731 2937 ita
1776 2875 1863 2937 de
1908 2874 2247 2937 Romanis
2292 2874 2653 2949 iudicaret,

463 3010 689 3052 nonne
758 2990 962 3080 etiam
1037 2991 1479 3054 vehementer
1545 2990 1934 3071 improbare
2003 2982 2239 3053 debuit
2299 2991 2653 3055 consilium

468 3107 557 3168 ab
604 3105 905 3169 Achaeis
950 3127 1010 3169 a.
1075 3129 1095 3168 1
1110 3112 1193 3185 98
1240 3106 1607 3169 Aristaeno
1652 3116 1970 3188 praetore
2015 3117 2406 3188 susceptum
2451 3107 2547 3190 (P.
2595 3128 2652 3171 a.

465 3220 540 3284 L.
606 3221 924 3285 XXXII.
989 3243 1071 3284 20
1133 3222 1283 3304 sq.),
1339 3232 1414 3286 ut
1457 3222 1929 3285 Romanorum
1975 3234 2204 3305 partes
2249 3244 2373 3305 pro
2419 3223 2652 3287 Mace-

466 3339 728 3402 donicis
799 3342 1153 3422 optarent?
1219 3339 1550 3421 Polybius
1621 3348 1849 3403 autem
1911 3339 2257 3403 Aristaeni
2323 3340 2655 3404 rationem

469 3454 711 3517 sedulo
755 3464 902 3518 tum
946 3454 1250 3519 defendit
1280 3453 1342 3536 ⁵).
1379 3492 1461 3500 -—
1494 3455 1825 3537 Polybius
1855 3456 1913 3519 si
1943 3475 2113 3538 quas
2143 3456 2482 3522 orationes
2507 3455 2655 3537 ipse

552 3706 597 3788 1)
657 3704 868 3783 Justin.
931 3706 1212 3766 XXVIII.
1285 3726 1310 3765 1
1380 3725 1467 3784 sq.
1482 3728 1500 3781 3
1563 3706 1777 3768 Strabo
1833 3708 1909 3766 X.
1969 3728 2029 3784 p.
2090 3710 2205 3784 348
2219 3729 2237 3783 3
2290 3708 2396 3767 cfr.
2440 3709 2657 3785 DroyS.

511 3850 523 3862 .
652 3826 708 3864 o.

463 3826 505 3883 p
548 3825 736 3986 2338st
777 3914 988 3965 contra
1028 3903 1256 3982 Illyrios
1297 3906 1374 3964 Π.
1419 3924 1472 3964 c.
1522 3924 1592 3964 12
1636 3913 1664 3977 5
1711 3922 1742 3983 5
1791 3924 1911 3982 sq.;
1953 3905 2016 3964 in
2056 3904 2171 3965 alia
2196 3924 2260 3965 re
2286 3906 2419 3965 XV.
2455 3909 2659 3977 2056.

553 4001 600 4084 ³)
642 4005 700 4062 P.
752 4005 1002 4063 XXVII.
1050 4004 1115 4062 80
1155 4011 1183 4075 5
1231 4023 1257 4062 1
1307 4022 1394 4079 sq.
1409 4026 1426 4078 3
1469 4005 1535 4064 P.
1581 4024 1633 4063 a.
1676 4006 1745 4064 L.
1788 4006 1973 4063 XLII.
2016 4024 2070 4063 e.
2114 4024 2190 4081 30
2233 4005 2391 4064 med.

551 4101 601 4183 ⁴)
642 4104 709 4161 P.
769 4122 822 4163 a.
877 4105 945 4162 L.
1002 4103 1226 4162 XXXI.
1287 4122 1361 4180 29
1417 4113 1477 4163 et
1534 4123 1627 4180 30.
1711 4105 1862 4163 Eam
1904 4103 2233 4163 orationem
2273 4101 2661 4180 Polybianam

468 4219 594 4260 esse
635 4199 755 4261 iam
797 4199 1056 4261 ostendit
1095 4200 1241 4261 illud
1283 4220 1448 4278 „esse
1490 4202 1787 4278 quaedam
1828 4199 1963 4262 belli
1998 4200 2166 4261 iura”
2195 4211 2256 4261 et
2283 4222 2340 4278 q.
2372 4221 2437 4276 s.,
2465 4196 2659 4263 collat.

468 4301 535 4359 P.
578 4302 653 4360 V.
705 4321 796 4360 11.
843 4322 878 4379 3
921 4319 1050 4378 sqq.

553 4397 602 4480 5)
643 4402 705 4458 P.
750 4403 973 4460 XVIII.
1025 4419 1095 4475 13
1140 4418 1224 4475 sq.
