3375 5084
1835 340 1871 395 8

771 526 929 588 illis·
970 526 1418 593 abstinentiae
1481 526 1796 589 laudibus
1854 526 2126 608 Polybii
2142 576 2156 601 ,
2213 547 2381 608 quas
2441 527 2674 607 paullo
2720 538 2876 607 post
2917 523 2957 607 ¹)

773 641 979 704 etiam
1048 651 1260 724 auget
1276 690 1291 716 ,
1362 642 1593 706 dicens
1660 641 2058 724 Lycurgum
2118 642 2522 706 concordiae
2583 642 2835 705 civium
2890 652 2962 705 et

773 756 973 821 saluti
1033 757 1218 820 urbis
1280 757 1600 840 egregrie
1663 757 2079 820 consuluisse
2096 806 2110 833 ,
2173 777 2327 821 cum
2371 777 2497 839 per
2538 757 2760 821 victus
2806 757 2958 820 sim-

771 872 1145 955 plicitatem
1206 871 1539 955 (ἅφέλειαν
1606 869 1886 954 διαίτης)
1954 872 2142 936 cives
2188 893 2347 936 suos
2391 874 2646 954 probos
2691 874 2958 956 (σώφρο-

785 988 924 1070 νας)
975 987 1249 1051 fecisset
1265 1035 1281 1062 ,
1341 986 1550 1051 fortes
1597 998 1668 1051 et
1711 997 2022 1052 strenuos
2067 989 2556 1052 exercitatione
2602 1008 2963 1070 corporum

779 1102 1098 1186 (ἀσκήσει).
1167 1102 1248 1165 In
1285 1103 1503 1166 altera
1525 1113 1790 1167 tantum
1812 1102 2507 1168 Lacedaemoniorum
2538 1103 2967 1168 accusatione

774 1219 979 1282 Plato
1036 1228 1108 1282 et
1159 1218 1490 1301 Polybius
1537 1219 1900 1283 concinunt
1914 1268 1930 1295 ,
1976 1219 2242 1283 scilicet
2284 1218 2354 1281 in
2399 1219 2677 1283 crimine
2718 1219 2965 1282 nimiae

775 1336 1152 1418 imperandi
1199 1335 1583 1417 cupiditatis
1599 1385 1614 1412 ,
1662 1356 1867 1417 quam
1911 1336 2113 1399 Plato
2143 1335 2225 1399 iis
2257 1338 2674 1418 exprobrare
2699 1336 2877 1399 solet
2899 1335 2961 1417 ²),

779 1472 1117 1535 quamque
1176 1451 1324 1516 Pol.
1388 1472 1430 1515 a
1490 1452 1814 1536 Lycurgo
1874 1452 2265 1536 neglectam
2319 1473 2544 1534 neque
2590 1462 2667 1517 ut
2712 1452 2967 1516 factum

780 1588 931 1631 esse
999 1568 1330 1631 debuerat
1389 1568 1663 1651 legibus
1719 1568 2117 1632 obstrictam
2172 1589 2322 1632 esse
2374 1569 2468 1632 ait
2501 1568 2563 1650 8).
2656 1567 2970 1650 Apparet

780 1683 1146 1766 Polybium
1191 1683 1255 1746 h.
1301 1684 1344 1746 l.
1390 1704 1527 1746 non
1571 1683 1934 1747 Platonem
1978 1683 2408 1747 refutandum
2453 1668 2838 1764 sumpsisse.

873 1798 954 1861 In
1018 1799 1257 1862 libello
1331 1797 1828 1883 (Xenophontzk)
1896 1800 1982 1866 de
2026 1800 2381 1882 republica
2425 1799 2971 1863 Lacedaemonia

785 1915 1025 1978 eadem
1086 1914 1229 1978 fere
1284 1914 1533 1978 Laced.
1581 1924 1652 1978 et
1696 1914 1999 1998 Lycurgi
2042 1916 2409 1997 praeconia
2452 1916 2745 1998 legimus
2791 1934 2968 1996 quae

784 2032 968 2113 apud
1026 2030 1175 2093 Pol.
1239 2031 1325 2094 de
1379 2014 1549 2094 lucri
1593 2030 1815 2095 studio
1862 2031 2124 2095 civibus
2168 2012 2443 2095 ademto
2480 2029 2527 2113 4)
2545 2079 2560 2104 ,
2607 2032 2730 2094 sed
2772 2050 2967 2112 prae-

783 2156 975 2210 terea
1055 2146 1224 2209 nihil
1306 2146 1638 2210 convenit.
1757 2146 2241 2229 Xenophontis
2315 2147 2527 2210 libros
2595 2146 2973 2229 perlegisse

782 2263 1150 2346 Polybium
1215 2273 1501 2345 apparet
1570 2284 1610 2327 e
1676 2264 1906 2327 verbis
1968 2263 2355 2327 memoriter
2425 2264 2716 2328 laudatis
2733 2312 2747 2339 ,
2819 2284 2974 2327 cum

785 2379 948 2443 dicit
990 2379 1067 2442 P.
1117 2378 1618 2465 Carthagenam
1664 2401 1707 2443 a
1754 2379 2073 2463 Scipione
2120 2390 2523 2462 occupatam
2566 2390 2753 2445 recte
2807 2388 2975 2446 κατὰ

788 2498 898 2560 τὸν
970 2493 1377 2577 Ξενοφῶντα
1449 2496 1583 2560 dici
1648 2496 1950 2578 potuisse
2012 2495 2351 2560 officinam
2396 2498 2565 2560 belli
2600 2497 2661 2579 ⁸).
2755 2495 2976 2579 Quem

788 2610 1271 2694 Xenophontis
1317 2612 1564 2675 librum
1608 2622 1841 2677 nostro
1884 2614 2039 2677 loco
2072 2612 2210 2697 (VI.
2246 2613 2352 2695 45)
2373 2613 2626 2677 indicet
2646 2612 2978 2695 Polybius

791 2728 1069 2792 dubium
1124 2738 1245 2792 est.
1298 2716 1303 2721 ’
1337 2726 1716 2793 Schneider
1771 2729 1840 2791 in
1884 2729 2201 2812 prolegg.
2249 2730 2338 2793 ad
2382 2728 2603 2812 (Xen.)
2648 2730 2735 2792 de
2781 2748 2977 2810 repu-

788 2845 972 2908 blica
1039 2843 1199 2908 LaC.
1261 2844 1572 2907 libellum
1633 2845 1814 2908 hunc
1874 2844 2148 2926 Polybii
2209 2846 2435 2909 locum
2489 2845 2793 2908 laudavit
2836 2854 2981 2908 tan-

794 2980 998 3042 quam
1060 2959 1516 3023 testimonium
1575 2980 1701 3042 pro
1761 2960 2155 3043 integritate
2207 2961 2439 3024 libelli.
2532 2959 2675 3026 Sed
2719 2962 2789 3024 in
2831 2970 2979 3025 toto

792 3076 1029 3139 libello
1098 3095 1431 3157 nusquam
1499 3076 1753 3140 mentio
1820 3077 2097 3141 incurrit
2166 3076 2603 3141 Cretensium.
2710 3078 2979 3141 Deinde

793 3192 1136 3254 silentium
1179 3191 1327 3274 agit
1371 3191 1594 3274 (Xen.)
1641 3193 1729 3255 de
1776 3212 1946 3276 agro
1991 3192 2688 3257 Lacedaemoniorum
2733 3193 2982 3257 viritim

796 3307 1171 3372 distribut0.
1263 3305 1593 3390 Superest
1660 3319 1736 3373 ut
1804 3311 2158 3374 credamus
2223 3310 2589 3393 Polybium
2649 3312 2714 3374 h.
2777 3311 2819 3374 1.
2865 3320 2982 3373 aut
3037 3374 3044 3381 ,

789 3581 1075 3654 χρημάτων
1112 3605 1181 3616 ⁹-
1230 3577 1581 3651 φιλαναλῶται
1619 3577 1677 3633 δὲ
1713 3579 1998 3654 ἀλλοτρίων
2038 3572 2104 3635 δι’
2143 3580 2446 3653 ἐπιθυμίαν,
2499 3574 2620 3633 Cfr.
2650 3572 2833 3632 Arist.
2862 3573 2990 3632 Pol.

791 3674 870 3731 Π.
914 3690 968 3731 c.
1013 3674 1069 3731 6.
1110 3670 1224 3730 Ed.
1268 3666 1585 3729 Tauchnit.
1628 3677 1722 3735 τὴν
1748 3676 1897 3731 πόλιν
1927 3680 2199 3736 πεποίηκεν
2225 3678 2556 3751 ἀχρήματον,
2586 3677 2706 3740 τοὺς
2729 3672 2989 3738 δ’ὶὸιώτας

791 3779 1226 3852 φιλοχρημάτους.

886 3868 929 3951 ¹)
969 3871 1073 3929 VI.
1120 3870 1196 3944 48
1239 3876 1267 3940 ξ
1314 3887 1488 3945 1--5.

754 4014 757 4015 γ
877 3967 929 4050 ²)
969 3975 1275 4048 φιλονεικίαν
1321 3987 1396 4027 ex
1436 3987 1523 4046 gr.
1568 3968 1655 4026 Pl.
1700 3969 1775 4027 R.
1818 3969 1884 4026 P.
1925 3968 2095 4025 VIII.
2140 3986 2197 4043 p.
2246 3968 2361 4042 548
2403 3968 2470 4026 Β.

881 4066 931 4149 ³)
970 4070 1076 4128 VI.
1119 4087 1173 4127 c.
1218 4068 1294 4142 48
1337 4075 1365 4139 ξ
1410 4083 1440 4141 7
1487 4086 1574 4143 sq.

879 4165 930 4248 4)
970 4164 1171 4247 (Xen.)
1210 4168 1288 4226 de
1328 4167 1404 4225 R.
1447 4167 1587 4224 Lae.
1630 4184 1685 4224 c.
1735 4182 1765 4240 7
1812 4172 1840 4236 ξ
1884 4184 1916 4222 2
1962 4182 2091 4240 sqq.

882 4264 934 4346 ³)
973 4267 1038 4323 P.
1096 4267 1172 4323 X.
1230 4284 1282 4355 c.
1344 4285 1417 4322 20
1475 4272 1502 4335 ξ
1555 4281 1619 4339 7;
1662 4261 1823 4327 idem
1864 4265 2015 4322 Xen.
2061 4263 2217 4322 Hell.
2262 4265 2368 4322 III.
2415 4283 2470 4334 4.
2521 4281 2589 4338 17
2635 4264 2712 4322 de
2752 4262 2989 4339 Epheso

799 4365 878 4424 ab
918 4363 1197 4442 Agesilao
1235 4372 1547 4440 occupata.
