3375 5084
1796 347 1923 405 230

774 519 1162 600 coegissent
1229 529 1304 582 ut
1373 521 1460 582 ad
1529 518 1808 599 plebem
1881 519 2089 583 ferret
2161 521 2507 583 vellentne
2568 539 2721 584 cum
2791 540 2959 602 rege

773 634 1094 717 Philippo
1141 656 1384 717 pacem
1432 657 1603 699 esse.
1674 637 1851 700 Tum
1896 637 2191 718 populus
2235 637 2304 699 in
2347 656 2521 718 pace
2543 637 2964 718 perseverari

769 751 975 814 iussit.
1069 750 1241 815 Cum
1301 752 1616 815 Nissenio
1662 753 1747 834 (p.
1803 774 1825 814 1
1841 774 1921 830 43
1971 753 2089 834 sq.)
2133 752 2266 815 illis
2310 751 2708 834 Polybianis
2752 752 2960 814 maio-

774 887 918 929 rem
964 864 1166 929 fidem
1212 868 1455 930 habe0.

856 981 1118 1044 Verum
1181 983 1550 1046 multarum
1606 1002 1827 1046 rerum
1883 983 2351 1046 Romanarum
2397 983 2540 1045 sive
2584 983 2774 1045 nulla
2818 982 2966 1045 sive

771 1099 1029 1181 exigua
1074 1099 1327 1162 mentio
1373 1098 1450 1162 fit
1466 1148 1480 1174 ,
1529 1120 1817 1180 quarum
1860 1100 2269 1181 praecipuae
2307 1110 2464 1163 sunt
2494 1099 2966 1163 contentiones

771 1235 979 1297 saepe
1040 1215 1109 1277 in
1170 1225 1408 1279 senatu
1463 1214 1687 1279 factae
1742 1217 1829 1278 de
1878 1216 2231 1279 consulum
2276 1217 2391 1278 vel
2439 1217 2688 1279 ducum
2734 1215 2968 1278 trium-

767 1331 922 1413 phis
985 1332 1081 1413 (ut
1143 1331 1383 1393 Manlii
1439 1351 1497 1394 a.
1555 1336 1671 1411 187
1723 1331 1869 1394 Liv.
1923 1338 2004 1410 38
2051 1351 2108 1395 e.
2158 1351 2422 1410 44—50
2467 1332 2587 1406 in.‚
2634 1330 2857 1393 Fulvii
2908 1351 2968 1393 a.

780 1452 896 1526 187
962 1446 1109 1509 Liv.
1160 1468 1241 1525 39
1290 1467 1346 1509 c.
1397 1468 1436 1523 4
1483 1466 1581 1527 sq.
1631 1447 1970 1529 aliorum),
2016 1447 2130 1510 vel
2175 1448 2262 1510 de
2309 1447 2459 1510 aliis
2505 1447 2708 1510 rebus
2753 1455 2829 1509 ut
2879 1447 2972 1508 de

772 1562 1090 1625 libertate
1152 1562 1744 1625 Ambraciensium
1805 1563 1972 1646 (Liv.
2038 1569 2121 1642 38
2186 1584 2242 1626 c.
2300 1585 2380 1642 43
2432 1584 2528 1645 sq.
2546 1612 2561 1638 ‚
2614 1561 2728 1625 cfr.
2778 1583 2860 1640 39
2914 1582 2973 1625 c.

781 1701 820 1756 4
883 1698 979 1760 sq.
998 1726 1012 1753 ,
1075 1698 1210 1760 quo
1267 1678 1423 1742 loco
1478 1679 1686 1742 etiam
1732 1699 1842 1743 res
1886 1688 2128 1762 gestae
2173 1679 2399 1742 Fulvii
2444 1699 2804 1761 perperam
2850 1698 2974 1741 ex·

773 1802 1118 1876 ponuntur
1134 1843 1148 1869 ‚
1226 1792 1339 1857 cfr.
1416 1794 1661 1857 Nissen
1736 1815 1800 1877 p.
1883 1816 1914 1857 2
1932 1817 1954 1857 1
1975 1794 2062 1876 1);
2139 1815 2414 1858 causam
2486 1795 2562 1858 P.
2632 1793 2979 1877 Scipionis

776 1907 1084 1972 Africani
1131 1909 1407 1991 copiose
1455 1930 1547 1972 ex
1591 1909 1876 1973 Antiate
1923 1910 2202 1974 tradidit
2245 1910 2479 1974 Livius
2524 1908 2975 1993 (XXXVIII.

776 2046 830 2088 c.
912 2023 1196 2106 50—60)
1220 2073 1234 2100 ,
1303 2025 1633 2107 Polybius
1702 2026 1896 2088 brevi
1963 2035 2226 2089 tantum
2297 2025 2528 2107 attigit
2597 2045 2752 2088 cum
2823 2025 2977 2087 eius

775 2149 1067 2203 mortem
1111 2150 1418 2204 narraret
1462 2140 1556 2223 (P.
1603 2140 1879 2205 XXIV.
1929 2161 1983 2204 e.
2034 2142 2111 2224 9).
2182 2140 2377 2222 Quae
2425 2142 2512 2204 de
2544 2141 2705 2223 lege
2739 2138 2978 2222 Oppia

779 2254 944 2336 (Liv.
992 2254 1346 2317 XXXIV.
1366 2255 1373 2266 '
1394 2276 1448 2318 c.
1506 2255 1694 2338 1—8)
1713 2306 1727 2332 ‚
1777 2258 1864 2320 de
1909 2257 2441 2320 bacchanalibus
2472 2256 2578 2339 (id.
2604 2255 2978 2318 XXXIX.

779 2393 833 2435 c.
885 2371 1124 2453 8—19)
1170 2372 1319 2435 aliis
1365 2372 1698 2436 eiusmodi
1745 2374 1833 2435 ad
1877 2373 2205 2456 populum
2251 2374 2365 2436 vel
2410 2373 2481 2435 in
2524 2382 2766 2435 senatu
2814 2381 2981 2435 acta

776 2487 910 2550 sint
926 2535 941 2562 ,
990 2508 1213 2550 annon
1261 2489 1656 2570 exposuerit
1701 2488 2033 2570 Polybius
2078 2509 2499 2571 magnopere
2523 2487 2981 2551 dubitandum

778 2613 900 2666 est.
993 2601 1541 2685 Supplicationes
1605 2606 1922 2687 (excepto
1968 2605 2044 2668 P.
2091 2604 2295 2668 XXI.
2345 2626 2399 2668 c.
2457 2604 2544 2686 1),
2590 2604 2984 2687 provincia-

777 2740 928 2782 rum
988 2719 1374 2782 sortitiones
1387 2768 1402 2792 ‚
1464 2720 1842 2803 triumphos
1898 2719 2041 2783 fere
2087 2721 2352 2784 omittit.
2444 2721 2696 2783 Earum
2745 2740 2986 2782 rerum

778 2834 1013 2897 Livius
1081 2834 1286 2897 etiam
1355 2835 1525 2897 alios
1592 2834 1815 2899 fontes
1882 2835 2025 2898 fere
2102 2837 2521 2918 conquisivit.
2638 2836 2986 2918 Polybius

780 2949 1029 3013 XXX.
1099 2971 1154 3013 c.
1227 2972 1266 3028 4
1328 2950 1724 3016 brevissime
1786 2952 2082 3015 absolvit
2140 2952 2643 3015 contentionem
2690 2952 2979 3014 Romae

783 3077 1001 3128 ortam
1077 3086 1135 3128 a.
1221 3089 1243 3127 1
1259 3071 1340 3146 67
1426 3067 1512 3128 de
1579 3067 1876 3130 Rhodiis
1944 3068 2131 3131 bello
2200 3068 2579 3131 indicendo,
2696 3066 2987 3131 Catonis

783 3201 1035 3262 operae
1051 3229 1065 3256 ,
1127 3182 1241 3262 qui
1304 3181 1582 3262 copiosa
1626 3183 1930 3246 oratione
1977 3184 2338 3265 plurimum
2384 3204 2505 3246 eos
2550 3183 2810 3246 adiuvit
2827 3231 2842 3257 ‚
2894 3203 2988 3245 ne

783 3297 996 3359 verbo
1043 3296 1315 3376 quidem
1363 3298 1776 3361 mentionem
1822 3297 1986 3362 facit
2028 3298 2195 3381 (Liv.
2246 3320 2327 3377 45
2378 3320 2434 3362 e.
2489 3298 2608 3380 25).
2695 3288 2701 3293 ’
