3375 5084
1822 350 1940 424 196

797 538 1114 621 Scipione
1170 540 1255 601 de
1300 539 1677 602 Brittannia
1721 539 2121 621 interrogati
2134 588 2148 613 ‚
2194 538 2361 600 nihil
2406 538 2844 601 memorabile
2889 558 2968 600 se

792 657 1047 717 habere
1115 656 1417 718 dicerent
1481 656 1665 736 quod
1734 655 1820 716 de
1889 675 1973 716 ea
2039 655 2258 716 insula
2312 663 2663 716 narrarent
2677 703 2691 728 ,
2755 654 2967 716 etiam

793 772 1118 834 miracula
1177 792 1221 833 a
1277 771 1545 853 Pythea
1590 772 1677 833 de
1725 792 1808 833 ea
1851 771 2100 833 tradita
2143 770 2315 833 falsa
2360 791 2510 833 esse
2557 791 2647 832 ex
2694 790 2776 832 eo
2824 769 2966 832 col-

792 888 965 970 legit
1008 884 1066 968 ¹).
1136 887 1239 950 Ne
1283 889 1417 950 hoc
1461 888 1734 970 quidem
1781 907 1936 949 eum
1979 886 2187 970 fugit,
2235 908 2426 950 suam
2471 896 2541 949 et
2583 886 2969 967 aequalium

793 1023 1064 1066 suorum
1155 1004 1613 1085 cognitionem
1704 1004 1905 1066 certis
1985 1003 2309 1066 limitibus
2394 1002 2968 1083 circumscriptam

794 1140 943 1181 esse
961 1168 976 1193 ,
1044 1120 1220 1182 ultra
1286 1139 1455 1200 quos
1511 1120 1837 1201 progredi
1880 1138 2018 1182 non
2061 1119 2316 1181 licebat
2352 1119 2413 1198 ²).
2516 1117 2698 1183 Sane
2759 1117 2967 1180 etiam

791 1235 1127 1297 interdum
1188 1236 1523 1297 erroribus
1587 1236 1733 1298 sive
1777 1244 2130 1298 auctorum
2175 1235 2320 1297 sive
2363 1234 2574 1315 ipsius
2619 1254 2694 1296 se
2740 1232 2968 1314 decipi

790 1370 1030 1432 passus
1075 1360 1179 1413 est
1195 1400 1209 1427 ,
1256 1352 1564 1432 quamvis
1609 1371 1864 1434 magna
1906 1350 2107 1414 fuerit
2158 1350 2546 1433 diligentia;
2595 1351 2731 1412 iam
2775 1360 2965 1411 vete-

790 1485 900 1528 res
922 1514 937 1540 ,
1027 1476 1103 1528 ut
1188 1462 1436 1528 Strabo
1461 1515 1476 1541 ‚
1553 1466 1819 1548 aliquos
1894 1468 2514 1530 animadverterunt
2588 1486 2848 1527 errores
2900 1463 2966 1544 ³).

791 1563 1082 1644 Omnino
1126 1584 1270 1646 eius
1317 1583 1614 1665 cognitio
1660 1584 1759 1646 rei
1803 1584 2311 1666 geographicae
2356 1584 2554 1645 nobis
2578 1602 2753 1644 nunc
2778 1600 2965 1642 man-

791 1717 874 1759 ca
934 1707 1005 1760 et
1058 1697 1318 1761 infirma
1369 1701 1707 1781 quaedam
1766 1700 2067 1774 videtur3
2129 1700 2252 1762 sed
2312 1699 2443 1780 ipsi
2486 1698 2619 1761 hoc
2668 1697 2967 1760 studium

789 1833 1217 1896 nequaquam
1262 1815 1521 1877 irritum
1535 1864 1552 1888 ‚
1598 1815 1972 1877 immovero
2017 1815 2315 1877 maximo
2361 1814 2512 1877 usui
2557 1812 2701 1876 fuit.
2787 1811 2967 1873 Nam

790 1939 866 1992 ut
925 1939 1145 1992 ortum
1208 1941 1313 1994 est
1371 1952 1411 1993 e
1473 1932 1842 2013 cupiditate
1904 1932 2050 1994 veri
2104 1930 2550 2013 pernoscendi
2568 1979 2583 2004 ‚
2630 1930 2729 1992 sic
2773 1927 2968 1990 auxit

792 2045 856 2106 ei
901 2046 1071 2108 aciei
1116 2046 1532 2109 celeritatem
1546 2096 1560 2121 ‚
1605 2046 2001 2110 facultatem
2031 2046 2176 2109 veri
2207 2068 2249 2109 a
2278 2046 2451 2109 falso
2484 2044 2963 2127 distinguendi3

790 2161 921 2223 hac
966 2171 1194 2224 autem
1237 2161 1559 2225 facultate
1603 2163 1778 2226 inter
1822 2163 2141 2244 aequales
2186 2163 2307 2225 vix
2351 2162 2531 2225 ullus
2577 2162 2641 2225 ei
2669 2181 2795 2243 par
2820 2160 2964 2222 fuit.

790 2276 1057 2339 Deinde
1103 2297 1355 2360 magno
1400 2278 1617 2359 pretio
1663 2288 1818 2342 sunt
1863 2299 1946 2340 ea
1990 2299 2166 2361 quae
2211 2280 2300 2341 ad
2344 2298 2567 2341 rerum
2614 2287 2964 2359 gestarum

791 2395 1244 2476 cognitionem
1304 2396 1708 2476 pertinentia
1766 2396 1838 2457 in
1894 2395 2246 2459 itineribus
2302 2395 2611 2478 collegit;
2657 2392 2965 2476 peregri-

787 2511 1092 2573 nationes
1153 2531 1289 2573 non
1344 2509 1560 2573 solum
1614 2511 1836 2593 magis
1878 2508 2087 2572 fidum
2103 2559 2119 2584 ‚
2167 2512 2290 2573 sed
2336 2511 2540 2573 etiam
2584 2509 2965 2591 pleniorem

790 2635 861 2688 et
934 2627 1318 2708 graviorem
1387 2646 1608 2698 rerum
1679 2636 2028 2709 gestarum
2096 2636 2442 2690 auctorem
2503 2626 2967 2708 praebuerunt

790 2743 1170 2825 Polybium.
1977 2727 1981 2731 ¹

1540 2971 1682 3042 ΠΙ.
1776 2972 2201 3064 Scriptores·

879 3204 1036 3267 Duo
1098 3182 1355 3287 genera
1409 3205 1695 3269 fontium
1753 3228 1975 3271 rerum
2036 3216 2384 3290 gestarum
2440 3181 2749 3288 scriptori
2805 3226 2964 3287 sup-

789 3320 1093 3400 peditare
1140 3322 1233 3383 ait
1277 3320 1638 3402 Polybius;
1685 3324 2101 3386 narrationes
2147 3325 2235 3385 ab
2282 3323 2430 3385 aliis
2481 3322 2845 3386 memoriae
2895 3332 2965 3383 et

788 3435 1030 3499 litteris
1075 3437 1427 3499 mandatas
1473 3437 1531 3520 (ή
1566 3442 1632 3503 ἐκ
1668 3445 1799 3503 τῶν
1831 3440 2305 3523 ὑπομνημάτων
2332 3436 2964 3519 πολυπραγμοσύνη),

790 3561 861 3614 61;
926 3553 1343 3616 narrationes
1411 3555 1499 3615 ab
1567 3555 1648 3616 iis
1718 3555 1834 3636 qui
1893 3556 2096 3618 rebus
2157 3554 2600 3617 interfuerunt
2654 3554 2965 3635 scriptori

788 3667 1068 3731 traditas
1115 3667 1203 3751 (ἐξ
1252 3669 1663 3751 ἀνακρίσεως)
1709 3670 1822 3731 vel
1867 3671 1954 3732 ab
2001 3670 2149 3751 ipso
2180 3670 2624 3752 investigatas
2654 3669 2744 3751 (ἐξ
2776 3671 2966 3734 αὐτο-

883 3977 923 4059 1)
963 3981 1028 4042 Ρ.
1070 3981 1348 4040 XXXIV.
1391 3999 1444 4038 c.
1493 3999 1566 4038 10
1607 3988 1635 4052 ξ
1677 3982 1713 4038 6
1757 4000 1844 4057 sq.

869 4074 920 4157 2)
958 4078 1024 4136 P.
1068 4080 1175 4136 ΠΙ.
1219 4098 1274 4136 c,
1318 4079 1393 4154 38
1435 4086 1463 4150 ξ
1510 4098 1535 4135 1
1588 4097 1721 4152 ——3.

873 4172 920 4253 3)
961 4175 1055 4234 Sic
1095 4186 1255 4235 recte
1295 4174 1670 4253 reprehendit
1712 4175 1924 4235 Strabo
1966 4176 2128 4251 quod
2170 4176 2424 4237 absurde
2451 4176 2769 4254 scripserat
2797 4178 2977 4257 Poly-

788 4269 918 4329 bius
972 4275 1049 4332 ab
1106 4276 1340 4334 Haemo
1391 4271 1680 4333 Thraciae
1721 4283 1924 4334 monte
1965 4274 2043 4333 ad
2082 4293 2246 4334 mare
2287 4273 2662 4335 Adriaticum
2705 4275 2980 4353 prospici

790 4386 975 4442 posse.
1061 4373 1336 4430 XXXIV.
1387 4392 1455 4460 ¹0²
1499 4380 1527 4443 ς
1576 4392 1600 4429 1
1649 4390 1733 4448 sq.
