3375 5084
1790 316 1873 387 84

736 507 941 571 fidem
1010 507 1344 570 haberent
1372 555 1386 580 ,
1456 505 1597 568 fere
1666 504 1834 566 nihil
1902 503 2306 566 tradendum
2374 502 2504 564 sibi
2572 520 2934 582 superesse

738 623 1183 685 crediderunt.
1274 621 1517 702 Itaque
1587 621 1674 682 de
1743 618 1921 681 Livii
1985 628 2055 681 et
2114 617 2386 698 Polybii
2446 615 2745 680 fontibus
2790 635 2931 677 non

736 739 897 800 satis
975 737 1486 819 cogitaverunt;
1565 755 1720 797 eam
1794 734 2226 797 traditionem
2297 733 2656 814 elegerunt
2723 751 2934 813 quam

734 873 970 916 veram
1032 873 1183 915 esse
1238 852 1535 913 maxime
1592 851 1691 913 eis
1739 850 2097 931 expediret
2113 898 2127 924 ,
2176 859 2246 912 et
2293 848 2570 911 alterius
2615 845 2932 930 (Polybii)

736 969 1095 1032 molestam
1158 988 1404 1030 vocem
1474 968 1563 1029 ad
1629 967 1971 1030 silentium
2040 967 2456 1048 redegerunt
2472 1014 2486 1039 ,
2555 971 2933 1027 statuentes

736 1086 880 1147 eius
955 1083 1161 1147 fidem
1238 1093 1307 1146 et
1378 1082 1856 1146 auctoritatem
1924 1102 2060 1144 non
2128 1082 2497 1144 ascendere
2568 1081 2657 1142 ad
2721 1079 2935 1141 talem

733 1210 1163 1264 vetustatem.
1255 1199 1356 1262 At
1414 1198 1592 1261 Livii
1652 1198 2020 1261 auctoritas
2080 1218 2242 1260 num
2299 1197 2569 1283 longius
2624 1195 2931 1258 ascendit

734 1336 939 1398 quam
984 1316 1302 1397 Polybii?
1371 1315 1551 1377 Num
1595 1315 1709 1377 hic
1755 1315 1942 1377 aliud
1989 1314 2151 1395 quid
2195 1313 2422 1376 facere
2468 1312 2690 1394 potuit
2723 1331 2930 1393 quam

734 1433 1143 1515 perscrutari
1189 1432 1515 1495 annales?
1559 1432 1708 1505 vel,
1755 1432 1939 1513 quod
1983 1431 2210 1512 potius
2257 1431 2491 1506 cred0‚
2539 1428 2929 1492 exscribere

734 1550 1035 1630 aliquem
1081 1559 1431 1612 auctorem
1478 1548 1593 1629 qui
1641 1568 1725 1610 eo
1772 1548 1976 1609 modo
2023 1566 2133 1610 res
2166 1546 2699 1628 composuisset?
2746 1543 2932 1624 Quid

733 1685 970 1727 verum
1017 1666 1135 1740 sit,
1184 1665 1390 1728 statui
1434 1685 1570 1727 non
1616 1674 1848 1746 potest
1894 1685 1933 1726 e
1979 1663 2231 1726 iudicio
2278 1664 2347 1725 in
2371 1663 2762 1724 universum
2786 1660 2930 1722 lato

735 1782 821 1843 de
882 1779 1060 1843 Livii
1120 1779 1255 1843 fide
1318 1791 1388 1844 et
1447 1780 1738 1861 Polybii.
1831 1779 1982 1842 Res
2043 1789 2190 1842 tota
2250 1779 2385 1841 huc
2430 1778 2637 1841 redit:
2686 1754 2934 1858 quibus

734 1898 1124 1961 auctoribus
1190 1898 1295 1959 usi
1363 1897 1496 1960 sint
1558 1896 1632 1959 P.
1698 1907 1768 1960 et
1828 1895 1904 1959 L.
1920 1918 1933 1971 ;
1998 1897 2182 1977 quod
2235 1895 2293 1957 si
2346 1896 2746 1976 indagatum
2793 1902 2900 1955 est
2917 1941 2931 1967 ,

735 2014 1197 2095 quaerendum
1254 2023 1563 2094 superest
1623 2022 1958 2094 quatenus
2005 2012 2214 2074 alium
2260 2021 2612 2074 auctorem
2658 2031 2749 2072 ex
2794 2008 2933 2071 alio

736 2129 1020 2210 explere
1038 2177 1052 2203 ,
1101 2128 1273 2192 alios
1318 2129 1575 2191 reicere
1622 2148 1917 2209 aequum
1964 2128 2066 2191 sit.
2157 2127 2441 2190 Etiamsi
2488 2135 2755 2189 constat
2798 2124 2933 2187 Fa-

732 2245 920 2308 bium
964 2244 1170 2308 fuisse
1216 2245 1511 2326 Polybio
1559 2254 1908 2307 auctorem
1926 2293 1941 2320 ‚
1999 2243 2275 2306 minime
2321 2264 2414 2305 ex
2460 2263 2543 2305 ea
2588 2262 2662 2305 re
2709 2242 2933 2322 sequi-

732 2370 843 2423 tur
911 2381 1147 2424 omnes
1215 2361 1392 2424 Livii
1461 2361 1863 2424 traditiones
1931 2360 2138 2424 falsas
2209 2381 2392 2435 esse;
2461 2359 2718 2423 factum
2779 2379 2936 2421 esse

732 2487 963 2558 potest
1008 2487 1086 2540 ut
1130 2477 1385 2540 Fabius
1432 2477 1690 2558 aliquid
1736 2477 2036 2539 omiserit
2053 2526 2067 2552 ,
2115 2477 2298 2558 quod
2344 2476 2418 2538 in*
2443 2474 2934 2538 recentioribus

732 2591 1031 2656 fontibus
1092 2604 1437 2656 servatum
1500 2593 1602 2656 sit.
1698 2591 2201 2674 Quaerentibus
2263 2602 2492 2655 autem
2552 2592 2748 2654 nobis
2794 2611 2936 2671 quo

733 2708 920 2772 fonte
976 2710 1342 2792 Polybium
1391 2731 1589 2773 usum
1637 2731 1789 2774 esse
1834 2711 2193 2792 probabile
2239 2710 2325 2774 sit
2342 2758 2356 2785 ,
2405 2711 2583 2772 duae
2629 2708 2935 2790 inprimis

730 2845 839 2888 res
900 2822 1440 2919 praemittendae
1504 2847 1654 2890 esse
1719 2827 2049 2890 videntur.
2141 2825 2252 2889 Ac
2315 2827 2606 2908 primum
2654 2825 2934 2906 quidem

733 2942 960 3004 omnia
1021 2943 1312 3005 suadent
1372 2953 1450 3005 ut
1512 2952 1893 3005 statuamus
1911 2991 1925 3018 ‚
1988 2942 2357 3024 Polybium
2400 2962 2538 3004 non
2584 2962 2737 3004 eam
2784 2940 2935 3002 dili-

732 3057 1038 3138 gentiam
1085 3059 1215 3120 hac
1261 3059 1330 3120 in
1375 3068 1569 3140 parte
1616 3060 1927 3141 posuisse
1973 3060 2044 3121 in
2088 3079 2254 3121 vero
2300 3058 2691 3140 indagando
2725 3076 2936 3138 quam

732 3172 801 3233 in
862 3173 1010 3234 aliis
1066 3173 1392 3237 librorum
1446 3175 1752 3257 partibus
1793 3171 1853 3257 ¹).
1945 3174 2184 3238 Voluit
2229 3183 2493 3237 tantum
2537 3173 2733 3236 brevi
2777 3192 2930 3253 per-

735 3307 1004 3349 currere
1075 3298 1145 3351 et
1212 3290 1406 3370 quasi
1474 3290 1818 3353 delineare
1880 3311 1990 3353 res
2049 3291 2182 3353 hoc
2242 3299 2553 3372 tempore
2609 3289 2681 3352 in
2717 3288 2937 3351 'Italia

734 3412 1001 3484 gestas:
1083 3424 1220 3466 non
1295 3405 1585 3468 multum
1656 3407 1921 3469 curavit
1989 3426 2200 3469 annos
2275 3415 2592 3469 accurate
2662 3406 2937 3468 tradere

735 3517 983 3600 (itaque
1046 3520 1397 3583 consulum
1457 3522 1734 3584 nomina
1792 3543 1929 3585 non
1975 3523 2295 3604 apposuit
2311 3571 2325 3597 ‚
2374 3542 2552 3607 quae
2605 3521 2675 3583 in
2721 3520 2936 3583 omni-

733 3635 863 3696 bus
910 3635 1266 3698 annalibus
1313 3651 1489 3700 sane'
1523 3639 1867 3720 adscripta
1910 3639 2214 3701 invenire
2260 3637 2644 3720 potuisset);
2690 3657 2936 3719 parum

628 3813 634 3819 ,
734 3748 877 3811 eius
922 3749 1247 3814 intererat
1291 3752 1349 3814 si
1392 3752 1568 3816 forte
1614 3774 1970 3817 numerum
2017 3754 2529 3836 expeditionum
2564 3773 2699 3816 non
2727 3752 2937 3835 plane

738 3884 891 3926 cum
936 3886 1102 3928 vero
1149 3878 1641 3950 congruentem
1687 3871 2148 3935 constitueret.
2220 3869 2402 3952 Quid
2450 3890 2541 3932 ex
2585 3869 2666 3932 iis
2712 3868 2936 3948 sequi-

818 4134 862 4215 1)
906 4135 1090 4212 Quod
1130 4138 1207 4198 de
1248 4139 1363 4198 hac
1405 4154 1797 4229 προκατασκευῇ
1832 4140 1959 4218 ipse
2002 4160 2180 4219 saepe
2223 4143 2538 4202 confitetur
2557 4187 2572 4218 ‚
2617 4141 2720 4199 cfr.
2766 4141 2814 4198 Ι.
2865 4159 2941 4217 13

729 4238 757 4304 ἓ
803 4251 869 4308 72
915 4245 973 4298 οὐ
1010 4241 1112 4317 ’γὰρ
1152 4244 1369 4318 ἱστορεῖν
1407 4242 1533 4318 ὑπὲρ
1578 4245 1750 4299 αὐτῶν
1787 4249 2176 4322 προτιθέμεθα,
2215 4251 2521 4322 μνησθῆναι
2559 4245 2618 4301 δὲ
2652 4245 2942 4321 κεφαλαιω-

735 4335 837 4400 δῶς
871 4344 1290 4415 προαιρούμεθα.
