3375 5084
1378 387 1454 446 75

327 559 578 622 insidiis
647 560 891 641 quibus
961 557 1192 640 Scipio
1246 558 1517 635 ⁴nefarie
1586 559 1934 621 fraudatus
2005 560 2107 622 sit.
2221 560 2508 622 Factum

329 696 472 738 esse
539 686 769 757 potest
836 686 910 738 ut
977 675 1151 738 haec
1220 676 1493 739 traditio
1550 677 1845 757 Polybio
1907 677 2247 739 recentior
2295 687 2475 739 esset
2493 724 2506 751 ,

326 794 442 854 sed
503 794 724 875 magis
784 792 1110 855 credibile
1170 801 1275 856 est
1292 842 1305 869 ,
1353 793 1720 875 Polybium
1768 813 1921 855 eam
1965 792 2303 873 respuisse
2352 803 2422 855 et
2468 813 2506 854 e

326 908 593 970 Philino
638 929 805 971 vera
850 909 1182 988 didicisse.
1930 916 1934 921 ’

415 1023 610 1106 Quae
658 1024 904 1088 deinde
952 1024 1039 1087 de
1087 1024 1474 1106 Xanthippi
1521 1024 1711 1087 exitu
1756 1024 2146 1087 ferebantur
2183 1024 2512 1105 cognovit

327 1140 654 1222 Polybius
699 1141 768 1223 (I.
819 1145 901 1219 36
951 1146 981 1217 ἕ
1031 1141 1122 1222 4),
1173 1151 1242 1203 et
1289 1141 1423 1203 alio
1471 1140 1625 1203 loco
1673 1161 1826 1203 eam
1870 1141 2359 1214 narrationem,
2404 1140 2512 1202 cui

329 1255 532 1318 fidem
576 1256 834 1319 nullam
879 1257 1269 1319 habendam
1316 1278 1467 1319 esse
1514 1266 1749 1320 censet
1789 1256 2233 1319 refutaturum
2263 1277 2338 1318 se
2363 1276 2513 1318 esse

326 1371 696 1453 profitetur.
788 1372 1132 1436 Diodorus
1193 1382 1271 1434 ut
1333 1393 1540 1454 supra
1601 1373 1889 1455 exposui
1913 1421 1927 1447 ,
1973 1393 2137 1434 num
2184 1392 2335 1435 eam
2381 1381 2515 1434 tra-

327 1488 604 1563 diderit,
662 1509 701 1550 e
756 1489 985 1551 verbis
1031 1489 1323 1551 Tzetzae
1367 1508 1505 1550 non
1551 1489 1716 1555 satis
1762 1486 2225 1563 confirmatur,
2272 1508 2511 1569 parum

324 1604 648 1666 credibile
728 1604 997 1668 videtur
1014 1653 1029 1678 ,
1099 1604 1444 1666 Philinum
1511 1604 1651 1666 tale
1723 1604 2112 1667 Poenorum
2180 1602 2514 1686 flagitium

322 1720 691 1783 memoriae
754 1720 1142 1795 tradidisse;
1208 1721 1438 1803 potius
1485 1721 1692 1783 credo
1741 1720 2110 1802 Polybium
2158 1741 2196 1782 e
2244 1720 2514 1783 Philino

324 1839 410 1899 de
457 1838 589 1899 hac
634 1857 708 1899 re
757 1838 962 1901 etiam
1007 1857 1174 1900 vera
1219 1837 1554 1901 didicisse.

419 1954 496 2016 P.
543 1953 594 2015 I.
647 1974 724 2030 25
777 1959 807 2029 ἓ
860 1974 930 2031 5:
980 1957 1047 2018 ἐκ
1100 1954 1169 2016 δὲ
1220 1956 1493 2036 ταύτης,
1543 1953 1670 2027 ait,
1721 1958 1831 2033 τῆς
1881 1952 2250 2036 ναυμαχίας
2307 1955 2505 2034 ‹iuml›-

325 2095 497 2152 τεροι
562 2072 936 2150 νομίζοντες
998 2067 1355 2153 ἐφάμιλλον
1407 2076 1810 2160 πεποιῆσθαι
1863 2071 1974 2135 τὸν
2025 2067 2388 2140 κίνδυνον,·
2432 2089 2516 2131 ea

322 2189 540 2250 verba
609 2188 907 2250 indicare
976 2188 1294 2251 videntur
1309 2236 1324 2262 ,
1394 2208 1549 2251 cum
1622 2187 1912 2250 Fabium
1971 2197 2117 2249 tum
2177 2186 2518 2248 Philinum

324 2304 522 2366 huius
591 2324 868 2386 pugnae
931 2304 1194 2366 navalis
1257 2296 1612 2367 victoriam
1674 2303 1814 2365 suis
1875 2303 2110 2366 amicis
2169 2302 2515 2364 vindicare

324 2419 662 2483 studuisse
682 2468 696 2494 ,
743 2419 1073 2502 Polybius
1120 2410 1470 2500 utriusque
1517 2419 1925 2482 sententiam
1974 2417 2335 2498 componit.

415 2536 734 2616 Denique
781 2536 849 2597 in
895 2536 1030 2598 alia
1075 2556 1149 2599 re
1197 2535 1411 2598 multo
1443 2535 1762 2617 graviore
1793 2534 2045 2597 Philini
2069 2532 2273 2595 fidem
2301 2532 2517 2594 Fabio

321 2652 648 2734 praetulit
670 2628 673 2633 Ι
692 2652 1041 2734 Polybius,
1135 2652 1270 2715 Hic
1317 2652 1498 2714 enim
1545 2651 1916 2714 tradiderat
1961 2650 2213 2712 milites
2256 2648 2518 2711 Hamil-

322 2769 499 2831 caris
589 2769 705 2849 qui
795 2767 1089 2850 Erycem
1165 2768 1489 2830 tenebant
1514 2817 1528 2841 ,
1584 2767 1924 2829 'diuturna
2001 2764 2514 2854 oppugnatione

323 2885 697 2947 exhaustos
767 2894 838 2946 et
911 2892 1272 2946 enervatos
1290 2932 1303 2958 ,
1368 2883 1597 2964 inopia
1656 2881 1939 2956 fract05‚
1998 2890 2154 2962 post
2214 2900 2519 2962 pugnam

322 3002 412 3064 ad
484 3000 797 3082 Aegates
868 3010 1137 3082 gestam
1200 3000 1533 3082 erepsisse
1595 3008 1666 3062 et
1728 3000 1797 3060 in
1854 2998 2147 3079 patriam
2195 2995 2518 3078 effugisse

326 3118 422 3199 (P.
473 3116 525 3179 Ι.
578 3121 658 3194 58
708 3121 738 3192 5
788 3114 864 3196 5).
957 3114 1304 3178 Diodorus
1350 3124 1587 3178 contra
1634 3136 1672 3177 e
1720 3114 2022 3187 Philin0‚
2071 3133 2274 3193 quem
2315 3113 2519 3175 etiam

322 3232 562 3313 Nepos
614 3310 627 3321 .
657 3230 856 3293 Ham.
943 3231 992 3293 I.
1074 3252 1242 3309 3—-5
1333 3215 1606 3293 secutus
1695 3250 1846 3292 esse
1930 3229 2229 3303 videtur,
2315 3227 2545 3290 tradit‘

323 3347 792 3411 Hamilcarem
814 3395 828 3421 ‚
889 3368 1042 3410 cum
1106 3347 1309 3410 armis
1371 3347 1627 3411 relictis
1691 3357 1767 3409 ut
1829 3344 2064 3409 Sicilia
2110 3346 2520 3409 decederent

322 3464 544 3526 Poeni
606 3464 1008 3543 imperasset
1065 3462 1378 3525 Lutatius
1394 3511 1409 3537 ‚
1455 3462 1526 3524 in
1570 3461 1758 3523 bello
1803 3457 2397 3543 perseveraturum
2438 3480 2517 3542 ,se

326 3601 482 3644 esse
551 3580 866 3643 statuisse
886 3629 899 3656 ,
969 3580 1095 3642 nisi
1168 3579 1478 3642 Lutatius
1541 3579 1741 3641 huius
1795 3577 2213 3659 pertinaciae
2273 3576 2521 3640 cedens

328 3696 688 3778 aequiores
733 3696 923 3777 pacis
971 3695 1394 3758 conditiones
1441 3694 1765 3756 dedisset.

418 3812 684 3874 Eodem
746 3813 951 3874 modo
1005 3811 1339 3892 Polybius
1385 3808 1519 3891 (cfr.
1566 3829 1745 3891 supr.
1791 3830 1856 3891 p.
1907 3807 2043 3889 67),
2091 3808 2218 3870 etsi
2265 3809 2351 3869 de
2395 3808 2516 3869 illa

327 3928 585 3991 Lutatii
648 3928 966 4009 superbia
1032 3937 1218 3990 tacet
1236 3976 1250 4002 ,
1321 3904 1466 3988 ulla
1533 3925 1886 3988 dedecoris
1946 3924 2217 3987 macula
2275 3923 2523 3985 milites

329 4045 720 4107 Poenorum
797 4045 1308 4125 dehonestatos>
1347 4042 1553 4105 fuisse
1622 4050 1836 4123 negat
1855 4089 1868 4115 ,
1940 4050 2011 4102 et
2078 4059 2329 4102 corona
2396 4039 2524 4101 diis

331 4162 652 4225 dedicata
711 4181 750 4223 e
809 4161 1122 4224 diuturna
1180 4159 1612 4223 contentione
1658 4178 1778 4221 eos
1824 4157 2162 4220 destitisse
2209 4157 2334 4231 ait,
2382 4156 2520 4218 ani-

333 4278 466 4339 mis
527 4278 817 4339 intactos
882 4287 953 4339 et
1013 4276 1208 4357 quasi
1261 4276 1549 4338 invictos
1566 4324 1582 4348 ‚
1639 4273 1850 4336 fortes
1897 4282 1967 4335 et
2010 4274 2264 4353 probos
2308 4273 2522 4354 viros,

302 4392 576 4473 ‘quales
624 4412 743 4455 eos
788 4391 994 4454 fuisse
1043 4391 1248 4453 etiam
1297 4412 1335 4452 e
1380 4390 1687 4453 Diodoro
1736 4388 2199 4471 cognovimus·
