3375 5084
1395 371 1511 428 135

361 543 772 624 Exemplum
821 541 1100 605 afferam
1150 565 1188 605 e
1232 545 1456 625 priore
1503 554 1730 626 parte:
1778 544 2221 607 Numidarum
2246 546 2334 607 ab
2360 545 2545 607 Han-

354 659 586 721 nibale
644 661 731 721 ad
777 659 1194 722 Rhodanum
1242 661 1541 743 degente
1588 660 1945 723 missorum
1990 661 2209 742 prima
2255 681 2338 723 eo
2362 662 2540 724 ’1000

355 775 611 838 mentio
672 775 971 850 inicitur,
1034 796 1169 857 quo
1231 797 1321 838 ex
1378 777 1703 858 temporis
1750 776 1984 839 ordine
2031 798 2115 839 ea
2161 797 2271 839 res
2316 778 2547 840 locum

355 893 612 954 habere
683 891 1012 967 debebat,
1083 912 1137 955 c.
1210 916 1294 971 44
1365 898 1395 969 5
1467 914 1538 971 33
1601 903 1748 956 tum
1809 893 2113 974 sequitur
2176 893 2541 975 descriptio

356 1009 690 1072 contionis
761 1019 830 1072 et
897 1018 1055 1090 post
1116 1029 1268 1072 eam
1330 1031 1384 1073 0.
1447 1029 1528 1088 45
1596 1015 1626 1086 5
1698 1032 1719 1071 1
1777 1010 2035 1073 reditus
2080 1010 2544 1074 Numidarum.
2588 1014 2589 1017 ’

354 1123 629 1189 Silenus
676 1136 905 1189 autem
951 1126 1047 1208 (ut
1094 1147 1131 1188 e
1178 1126 1375 1189 Livio
1422 1125 1728 1209 apparet)
1758 1126 1957 1190 huius
1988 1127 2086 1189 rei
2117 1147 2250 1190 uno
2284 1136 2548 1190 tantum

353 1244 513 1306 loco
574 1243 986 1305 mentionem
1043 1240 1331 1317 fecerat,
1395 1242 1540 1305 Liv.
1589 1263 1644 1306 c.
1699 1263 1779 1322 29
1829 1248 1860 1319 5
1917 1266 1938 1305 1
2004 1240 2317 1319 „interim
2362 1243 2547 1306 Han-

353 1359 547 1421 nibal
592 1359 920 1422 Numidas
964 1356 1294 1421 miserat?
1388 1358 1603 1421 Aliud
1650 1360 2043 1440 exemplum
2089 1360 2377 1441 praebet
2419 1360 2549 1422 iter

354 1473 695 1557 Scipionis
757 1495 798 1537 a
859 1475 1086 1538 littore
1148 1475 1352 1537 maris
1414 1476 1503 1537 ad
1567 1485 1792 1537 castra
1847 1474 2232 1538 Poenorum
2279 1476 2550 1539 deserta

352 1590 644 1665 factum;
710 1611 764 1654 0.
826 1611 906 1669 45
958 1596 988 1667 5
1039 1613 1078 1669 4
1126 1600 1347 1654 castra
1393 1600 1626 1653 movet
1673 1589 1937 1672 Scipio;
1988 1612 2042 1653 0.
2092 1613 2176 1670 49
2226 1597 2256 1668 5
2314 1613 2335 1652 1
2393 1612 2548 1654 eum

352 1706 714 1768 advenisse
778 1716 847 1769 et
908 1706 1158 1769 reverti
1210 1717 1439 1769 narrat
1496 1706 1826 1788 Polybius
1844 1755 1858 1781 ,
1906 1706 2139 1769 Livius
2185 1716 2545 1788 utrumque

349 1844 491 1885 uno
552 1824 706 1886 loco
765 1824 976 1887 habet
1033 1845 1087 1887 0.
1140 1845 1217 1902 32
1271 1830 1301 1901 5
1358 1847 1408 1887 1.
1502 1822 1617 1889 Sic
1664 1824 1900 1887 Livius
1944 1833 2306 1907 postquam
2355 1846 2411 1888 c.
2462 1847 2547 1903 40

351 1950 426 2003 et
498 1962 570 2019 41
652 1941 969 2022 exposuit
1030 1940 1404 2004 orationem
1466 1939 1804 2023 Scipionis
1870 1943 1958 2004 ad
2003 1942 2250 2004 milites
2296 1941 2548 2005 factam

352 2079 409 2121 c.
487 2077 564 2135 45
633 2062 664 2133 5
721 2080 742 2118 1
799 2067 1029 2120 narrat
1073 2057 1430 2120 Romanos
1485 2058 1797 2121 Ticinum
1843 2067 2053 2139 ponte
2099 2058 2427 2133 iunxisse,
2477 2068 2546 2122 et

351 2173 678 2255 deinceps
762 2179 792 2250 5
866 2195 902 2252 3
974 2174 1445 2236 Romanorum
1516 2174 1895 2237 exercitum
1963 2184 2173 2255 ponte
2241 2173 2546 2255 perfecto

349 2289 664 2353 Ticinum
733 2289 1116 2354 traduxisse
1134 2338 1148 2364 ‚
1221 2290 1551 2371 Polybius
1624 2291 1799 2353 vidit
1868 2301 2147 2372 pontem
2210 2311 2346 2353 non
2406 2300 2547 2353 tam

351 2405 669 2489 celeriter
725 2405 1103 2488 perfectum
1152 2427 1302 2469 esse
1348 2407 1683 2488 potuisse3
1732 2407 1961 2488 itaque
2010 2407 2236 2470 statim
2285 2405 2545 2488 Scipio-

286 2568 290 2577 .
345 2542 509 2584 nem
550 2522 849 2585 iussisse
917 2523 1124 2585 tradit
1184 2532 1464 2605 pontem
1526 2522 1720 2606 iungi
1780 2523 1856 2605 (0.
1922 2528 2005 2601 64
2063 2528 2094 2599 5
2151 2523 2235 2604 1),
2284 2533 2355 2585 et
2398 2533 2545 2586 tum

349 2626 628 2701 demum
709 2639 842 2701 hoc
909 2638 1281 2720 praemisso
1352 2636 1691 2721 Scipionis
1764 2639 2139 2701 orationem
2209 2639 2542 2720 exposuit.

350 2755 624 2817 Deinde
686 2754 1083 2837 insequente
1146 2755 1256 2817 die
1318 2755 1524 2818 tradit
1586 2755 1661 2836 (c.
1730 2760 1807 2833 65
1877 2761 1907 2832 5
1976 2755 2029 2836 ι)
2073 2755 2431 2817 Romanos
2475 2755 2544 2817 in

348 2872 676 2961 ulteriore
762 2871 910 2952 ripa
989 2868 1208 2936 Ticini
1284 2870 1572 2934 fluminis
1590 2920 1603 2946 ,
1672 2871 1882 2953 igitur
1947 2881 2157 2952 ponte
2227 2871 2511 2934 traiecto
2528 2920 2543 2947 ‚

346 3006 753 3070 progressos
801 3007 968 3050 esse.
1056 2985 1171 3052 Sic
1220 2987 1566 3068 copiarum
1613 2987 1869 3050 Tiberii
1917 3008 1955 3049 e
2002 2984 2236 3051 Sicilia
2280 2985 2542 3069 profec-

346 3114 460 3168 tus
528 3104 603 3186 (0.
677 3109 751 3167 61
809 3109 839 3180 5
902 3102 962 3185 9)
1023 3114 1094 3166 et
1152 3105 1484 3167 adventus
1552 3103 1628 3184 (c.
1679 3108 1762 3182 69
1812 3108 1842 3179 5
1900 3125 1921 3165 1
1940 3103 1997 3184 2)
2045 3103 2328 3166 diversis
2374 3103 2542 3166 locis

350 3229 815 3301 exponuntur,
885 3229 1239 3301 utramque
1308 3239 1453 3281 rem
1513 3240 1634 3281 suo
1697 3220 1853 3282 loco
1911 3219 2139 3301 posuit
2193 3219 2540 3301 Polybius,

347 3336 505 3399 Hac
568 3337 828 3399 ratione
885 3336 1296 3398 evidentiam
1358 3336 1758 3398 narrationis
1805 3347 2032 3418 auget.
2083 3373 2165 3381 —-
2214 3335 2544 3418 Prodigia

349 3473 697 3535 nunquam
744 3452 1018 3515 tradidit
1065 3452 1397 3534 Polybius
1419 3501 1433 3526 ‚
1479 3452 1715 3514 Livius
1748 3472 1832 3514 ea
1855 3462 2172 3515 accurate
2198 3452 2514 3533 apposuit
2529 3500 2542 3526 ,

351 3580 422 3633 et
467 3569 806 3633 interdum
856 3580 1143 3652 apparet
1188 3590 1343 3632 cum
1387 3568 1538 3631 fons
1586 3569 1964 3632 communis
2011 3569 2098 3632 sit
2116 3617 2129 3644 ‚
2167 3568 2542 3661 Polybium

351 3706 437 3749 ea
483 3687 792 3749 consulto
841 3685 1145 3748 omisisse
1191 3686 1324 3768 (ex.
1374 3705 1476 3768 gr.
1523 3684 1670 3747 Liv.
1720 3705 1774 3747 0.
1825 3689 1907 3761 46
1956 3689 1986 3760 5
2043 3706 2094 3759 1,
2141 3683 2287 3746 Pol.
2322 3703 2376 3746 c.
2408 3684 2540 3765 65);

351 3812 664 3867 auctores
725 3803 998 3885 Polybii
1062 3801 1347 3876 subinde
1393 3801 1559 3866 talia
1603 3800 1962 3864 tradidisse
2009 3800 2304 3863 ostendit
2348 3801 2541 3862 locus

351 3919 632 4002 Polybii,
693 3941 747 3983 0.
827 3942 850 3981 1
872 3942 893 3981 1
910 3941 942 3981 2
1017 3925 1048 3996 5
1121 3925 1157 3982 8
1222 3939 1319 4000 sq.
1382 3956 1464 3965 -—
1512 3918 1862 3981 Interdum
1908 3917 2180 3981 traditio
2226 3917 2536 3999 Polybii.‚

353 4058 763 4120 quamquam
837 4036 1194 4100 manifesto
1266 4057 1372 4099 ex.
1445 4038 1688 4099 eodem
1766 4034 1952 4099 fonte
2022 4036 2265 4097 hausta
2333 4044 2540 4116 atque

351 4154 557 4228 Livii,
605 4172 1025 4236 magnopere
1071 4153 1227 4216 huic
1274 4161 1594 4234 praestat.
1660 4150 1865 4233 Quod
1890 4145 2286 4232 praesertim
2312 4152 2539 4214 evenit

354 4271 422 4332 in
468 4290 854 4352 pugnarum
902 4269 1492 4349 descriptionibus;
1541 4267 1871 4349 Polybius
1918 4287 2071 4329 cum
2116 4267 2214 4329 rei
2245 4242 2537 4330 bellicae

356 4387 641 4472 egregie
687 4362 943 4469 peritus
988 4387 1229 4471 melius
1274 4387 1710 4469 intellegeret
1756 4384 2047 4449 auctoris
2080 4384 2184 4447 sui
2213 4384 2534 4447 narratio-
