3375 5084
1846 365 1923 422 32

794 537 1140 619 scriptoris
1204 537 1554 600 cuiusdam
1617 538 1733 618 qui
1792 535 1968 600 forte
2023 536 2291 600 fortuna
2334 538 2404 599 in
2449 558 2686 600 verum
2731 539 2986 601 incide-

781 655 867 716 rit
923 654 978 734 ¹).
1075 652 1334 715 Verum
1405 672 1818 735 quamquam
1887 654 1955 714 in
2024 655 2243 717 causis
2311 674 2537 717 rerum
2606 655 2983 718 indicandis

787 789 994 850 saepe
1059 788 1337 850 operam
1397 769 1694 850 perdidit
1755 768 2086 850 Polybius
2105 817 2120 841 ‚
2176 779 2413 833 contra
2457 790 2750 852 magnae
2796 771 2984 833 laudi

782 886 847 948 ei
910 886 1301 948 habendum
1361 894 1466 947 est
1511 886 1696 966 quod
1741 884 1969 972 noluit⁴
2004 905 2244 948 causas
2289 906 2512 948 rerum
2560 886 2981 969 singularum

781 1002 870 1063 ad
933 1002 1138 1063 deum
1200 999 1315 1062 vel
1380 998 1719 1062 fortunam
1763 999 2033 1063 referre.
2125 1001 2301 1063 Nam
2347 1003 2463 1084 qui
2509 1003 2599 1064 ad
2643 1002 2980 1065 fortunam

780 1137 1159 1199 provocare
1223 1116 1399 1179 solet
1442 1136 1668 1202 rerum
1715 1118 2005 1199 scriptor
2022 1166 2037 1192 ,
2086 1118 2354 1195 omittet
2399 1139 2509 1181 res
2556 1139 2732 1201 quae
2778 1128 2984 1181 antea

781 1243 851 1296 et
912 1232 1110 1295 simul
1172 1232 1562 1295 acciderunt
1628 1252 1974 1315 exponere
1994 1282 2008 1308 ‚
2078 1244 2148 1296 et
2193 1232 2444 1297 efficiet
2489 1243 2565 1297 ut
2609 1234 2826 1297 lector
2869 1254 2980 1296 res

778 1350 1059 1413 traditas
1116 1349 1521 1431 intellegere
1566 1369 1704 1412 non
1748 1350 1981 1431 possit.
2075 1349 2230 1413 Hoc
2277 1351 2486 1413 sensit
2530 1351 2858 1433 Polybius
2902 1350 2980 1431 ²);

781 1466 1124 1529 intellexit
1201 1466 1408 1528 etiam
1425 1514 1439 1540 ‚
1513 1466 1585 1527 in
1661 1465 1760 1528 eis
1835 1467 2038 1529 rebus
2121 1466 2336 1548 vulgo
2427 1467 2514 1529 ab
2597 1466 2981 1529 hominibus

782 1582 1120 1645 fortunam
1181 1583 1294 1643 vel
1363 1582 1567 1644 deum
1612 1582 1934 1644 advocari
1953 1630 1967 1656 ,
2014 1602 2189 1664 quae
2236 1583 2579 1663 quomodo
2626 1603 2781 1645 cum
2825 1582 2983 1645 reli-

785 1699 934 1780 quis
981 1700 1393 1762 cohaereant
1437 1698 1827 1780 perspicere
1872 1718 2009 1760 non
2053 1699 2314 1780 possint
2352 1699 2502 1794 sive
2550 1700 2737 1782 quod
2777 1719 2982 1762 causa

782 1814 952 1877 latet
969 1863 983 1889 ‚
1048 1815 1193 1877 sive
1256 1815 1439 1897 quod
1498 1822 1734 1876 contra
1781 1814 2166 1895 opinionem
2212 1816 2622 1878 acciderunt.
2715 1815 2982 1877 Tamen

778 1951 852 1993 re
935 1951 1072 1993 non
1152 1931 1316 1994 satis
1401 1930 1739 2011 pensitata
1820 1949 1998 1993 nunc
2066 1931 2198 1994 huc
2266 1951 2444 1994 nunc
2512 1931 2674 1994 illuc
2756 1927 2982 1994 animo

776 2046 1090 2109 fluctuat:
1156 2030 1249 2113 ὧν
1312 2046 1472 2129 μὲν,
1538 2045 1665 2121 ait,
1729 2042 2061 2112 ἀδύνατον
2124 2053 2166 2129 η’·
2229 2046 2527 2132 δυσχερὲς
2593 2053 2708 2122 τὰς
2762 2047 2980 2120 αῖτιάς

787 2159 1190 2246 καταλαβεῖν
1261 2166 1622 2243 ἄνθρωπον
1703 2164 1899 2238 ὄντα,
1970 2164 2114 2243 περὶ
2186 2173 2430 2229 τούτων
2504 2164 2651 2236 ἴσως
2722 2166 2807 2226 ἄν
2881 2189 2981 2240 τις

778 2281 1041 2363 ἀπορῶν
1097 2280 1201 2343 ἐπὶ
1255 2280 1368 2344 τὸν
1422 2282 1581 2342 θεὸν
1633 2284 1751 2360 τὴν
1800 2277 2144 2360 α’ναφορὰν
2179 2286 2433 2346 ποιοῖτο
2469 2282 2578 2341 καὶ
2607 2287 2724 2362 τὴν
2754 2284 2976 2365 τύχην,

785 2389 925 2459 οἷον
989 2395 1246 2479 ὄμβρων
1314 2396 1421 2458 καὶ
1486 2398 1691 2459 ὑετῶν
1756 2394 2059 2470 ’ἐξαισίων
2124 2397 2400 2480 ἐπιφορὰ
2457 2401 2726 2481 συνεχὴς
2774 2401 2816 2478 ἤ
2861 2393 2982 2461 τοὶ-

781 2509 1021 2577 ναντία
1090 2509 1292 2576 πάλιν
1360 2509 1628 2593 αὐχμῶν
1697 2512 1806 2576 καὶ
1872 2515 2098 2590 πάγων
2168 2516 2277 2576 καὶ
2344 2508 2453 2574 διὰ
2502 2519 2707 2577 ταῦτα
2760 2513 2981 2594 φθορὰ

779 2633 1084 2711 καρπῶν,
1133 2627 1362 2708 ὁμοίως
1426 2623 1717 2707 λοιμικαὶ
1788 2623 2122 2703 διαθέσεις
2185 2637 2470 2712 συνεχεῖς
2533 2622 2708 2691 ἄλλα
2758 2650 2980 2707 παρα-

780 2739 1020 2823 πλήσια
1073 2722 1349 2818 rodim,
1403 2727 1494 2805 ὧν
1545 2741 1660 2805 οὐκ
1714 2745 1981 2825 εὐμαρὲς
2033 2749 2152 2826 τὴν
2204 2744 2427 2810 αἰτίαν
2478 2748 2683 2826 εὑρεῖν
2720 2742 2781 2825 ³).
2872 2742 2982 2803 Ex

777 2858 967 2922 initio
1011 2859 1210 2922 huius
1262 2859 1642 2922 sententiae
1687 2857 1992 2923 efficeret
2023 2860 2265 2943 aliquis
2290 2860 2654 2943 Polybium
2678 2869 2980 2922 statuere

866 3093 908 3171 ¹)
950 3095 1013 3151 P.
1060 3094 1282 3152 XXIV.
1327 3111 1362 3151 c
1426 3095 1508 3152 60.
1573 3091 1914 3151 Demetrius
1956 3092 2278 3154 Phalereus
2317 3061 2395 3153 in·
2420 3095 2571 3156 libro
2608 3094 2684 3154 de
2715 3095 2989 3154 Fortuna

772 3190 1032 3263 dixerat,
1077 3191 1444 3252 Macedones
1486 3200 1615 3250 tum
1658 3190 1832 3251 donis
1872 3191 2146 3252 fortunae
2194 3193 2282 3253 uti
2324 3201 2418 3264 ἕως
2453 3197 2516 3255 ἄν
2553 3191 2609 3275 (ἡ
2650 3192 2815 3275 τύχη)
2852 3196 2986 3253 ἄλλο

771 3317 823 3350 τι
876 3294 1257 3368 βασιλεύσηται
1304 3296 1420 3371 περὶ
1473 3297 1665 3352 αὐτῶν.
1753 3292 1927 3350 Haec
1983 3293 2168 3352 verba
2210 3312 2363 3370 quae
2405 3312 2647 3370 prorsus
2687 3290 2830 3352 nihil
2871 3289 2987 3368 sig-

771 3386 1015 3446 nificant
1068 3387 1318 3466 Polybio
1378 3387 1561 3448 divini
1614 3387 1764 3449 vatis
1807 3409 1934 3450 esse
1975 3389 2254 3451 videntur
2273 3438 2286 3463 ‚
2330 3392 2410 3451 ad
2450 3394 2630 3451 finem
2672 3388 2869 3450 Persei
2913 3408 2990 3449 ea
3072 3421 3075 3423 Δ

776 3486 1280 3547 accommodanti.
1352 3487 1633 3565 Polybius
1675 3487 1829 3550 adeo
1858 3490 1984 3549 ‘hac
2023 3489 2085 3549 in
2127 3510 2191 3550 re
2220 3489 2330 3550 sibi
2357 3490 2542 3551 defuit
2571 3500 2637 3550 ut
2664 3509 2785 3551 non
2821 3488 2986 3548 vide-

774 3594 865 3644 ret
924 3585 1297 3646 Demetrium
1355 3587 1517 3646 nulla
1558 3597 1724 3647 certa
1764 3587 1996 3649 ratione
2036 3589 2153 3663 uti,
2199 3589 2305 3649 sed
2348 3588 2549 3650 omnia
2588 3589 2668 3649 ad
2709 3590 2983 3649 fortunae

770 3681 1232 3772 inconstantiam
1274 3687 1516 3746 referre:
1560 3685 1662 3767 (ib.
1709 3695 1737 3759 ξ
1780 3687 1843 3768 3)
1885 3696 1954 3765 „252
1996 3692 2124 3770 πρὸς
2157 3693 2244 3750 τὸν
2281 3695 2399 3770 βίον
2420 3737 2437 3765 ,
2477 3687 2560 3748 ait
2598 3685 2938 3748 Demetrius
2967 3732 2984 3760 ‚
3067 3709 3071 3712 ⁴

770 3791 914 3865 ἡμῶν
966 3791 1256 3854 ἀσύνθετος
1301 3794 1437 3867 τύχη
1492 3792 1579 3846 καὶ
1631 3794 1807 3847 πάντα
1843 3791 2017 3866 παρὰ
2053 3790 2156 3847 τὸν
2196 3792 2497 3868 λογισμὸν
2537 3792 2640 3849 τὸν
2679 3795 2985 3869 ἡμέτερον

772 3894 1144 3945 καινοποιοῦσα
1199 3888 1287 3944 καὶ
1323 3890 1418 3949 τὴν
1457 3889 1620 3953 αὑῑτῆς
1657 3888 1880 3966 δύναμιν
1917 3890 1976 3943 ἐν
2013 3896 2146 3953 τοῖς
2180 3891 2568 3965 παραδόξοις
2603 3890 2984 3966 ἐνδεικνυμένη.

859 3979 910 4062 2)
966 3982 1015 4039 Ι.
1075 3983 1152 4058 63
1201 3988 1230 4054 ἓ
1272 4000 1343 4058 9:
1391 3979 1651 4041 Romani
1692 4000 1886 4058 neque
1926 3990 2060 4065 τύχῃ
2107 4001 2300 4059 neque
2343 3991 2648 4064 αὐτομάτως
2680 3983 2950 4043 vicerunt
2965 4004 2984 4058 3

773 4080 850 4138 X.
919 4099 950 4138 2
1014 4087 1042 4152 ξ
1107 4097 1261 4158 5——7
1282 4125 1295 4150 ‚
1356 4079 1433 4139 de
1495 4079 1773 4157 Scipione
1827 4079 2057 4141 minore
2111 4078 2261 4162 (πρὸς
2296 4085 2355 4144 τὸ
2392 4092 2523 4162 μήτε
2560 4087 2825 4162 διαπορεῖν
2862 4087 2989 4153 τοὺς

772 4186 1055 4248 ἀκούοντας
1091 4184 1182 4240 διὰ
1217 4183 1277 4240 τὸ
1321 4183 1623 4260 παράδοξόν
1659 4206 1712 4240 τι
1748 4187 2079 4259 φανήσεσθαι
2108 4193 2209 4241 τῶν
2240 4184 2629 4261 συμβαινόντων
2654 4185 2784 4261 μετὰ
2811 4192 2986 4244 ταῦτα

774 4283 890 4355 περὶ
928 4275 1144 4357 αὐτόν);
1187 4278 1411 4336 XVIII.
1458 4297 1510 4336 c.
1559 4278 1634 4337 28
1676 4284 1705 4348 ἓ
1748 4297 1806 4350 4.

862 4372 999 4454 3)Ρ
1064 4376 1370 4434 XXXVII.
1419 4382 1780 4459 2452..
