3375 5084
1477 324 1593 384 251

453 496 658 560 fuisse
719 518 922 580 quam
987 497 1370 562 Cleomenis
1427 498 1541 561 vel
1602 499 1774 561 alius
1790 547 1805 573 ,
1868 499 2147 580 eiusque
2208 518 2317 561 res
2380 509 2613 582 gestas
2629 549 2642 573 ,

452 613 508 674 si
572 614 657 676 de
719 613 969 676 talibus
1038 615 1242 676 rebus
1286 613 1605 676 iudicium
1652 614 2059 677 constituere
2107 614 2275 676 libet
2292 663 2306 688 ‚
2354 615 2443 677 ad
2488 634 2643 677 ean-

452 728 611 791 dem
677 732 983 792 normam
1053 730 1430 813 exigendas
1499 750 1649 793 esse
1722 740 1926 812 atque
1987 730 2289 793 aliorum.
2400 730 2642 811 Itaque

451 855 738 926 apparet
813 866 967 908 eum
1052 847 1155 908 ius
1220 846 1411 928 pacis
1477 866 1614 908 non
1681 846 1924 908 melius
1966 846 2369 909 servavisse
2441 866 2645 927 quam

450 963 661 1024 duces
706 962 1146 1038 Aetolorum3
1180 962 1404 1026 media
1431 983 1605 1045 pace
1637 963 1999 1045 aliquoties
2028 962 2360 1038 Athenas,
2386 963 2639 1045 ArgOS,

447 1077 617 1140 alias
662 1079 867 1141 urbes
911 1079 1199 1142 tentavit
1215 1126 1229 1153 ,
1278 1079 1482 1142 etiam
1529 1079 1739 1141 talem
1785 1080 1875 1141 ob
1920 1098 2066 1141 rem
2107 1099 2321 1161 parva
2355 1078 2645 1166 pecunia

452 1214 494 1256 a
540 1194 802 1258 civibus
847 1194 1237 1258 Mantineae
1284 1190 1551 1259 arbitris
1597 1196 1964 1259 mulctatus
1995 1205 2100 1259 est
2130 1196 2252 1277 (Pl.
2288 1194 2482 1258 Arat.
2513 1169 2647 1276 ὲ5);

449 1310 507 1372 si
553 1311 714 1391 quid
760 1312 937 1373 bene
983 1311 1309 1374 successit
1354 1311 1685 1394 gloriatus
1734 1321 1839 1374 est
1853 1359 1868 1386 ,
1915 1311 2018 1373 sin
2064 1311 2282 1373 minus
2301 1360 2315 1386 ,
2362 1312 2433 1372 in
2466 1329 2646 1373 com-

449 1426 795 1488 mentariis
863 1447 937 1489 se
1006 1426 1171 1489 nihil
1232 1426 1581 1520 admisisse
1644 1424 1961 1489 defendit.
2054 1425 2246 1488 Idem
2314 1425 2650 1488 commisit
2694 1400 2698 1405 ⁴

451 1543 637 1623 quod
682 1543 828 1624 ipse
873 1544 1154 1625 regibus
1201 1543 1457 1618 crimini
1502 1544 1723 1617 dedit,
1768 1563 2017 1625 nempe
2061 1552 2137 1605 ut
2182 1542 2436 1616 omnia,
2483 1541 2645 1604 ami-

452 1658 644 1721 citias
669 1707 684 1733 ,
745 1657 1023 1722 foedera
1039 1707 1054 1734 ,
1102 1680 1193 1721 ex
1236 1658 1526 1724 utilitate
1571 1679 1709 1721 non
1755 1679 1795 1721 e
1838 1657 1975 1721 fide
2022 1678 2294 1740 semper
2341 1658 2650 1720 aestima-

334 1760 339 1765 ’
450 1783 602 1837 rent
670 1774 763 1855 (P.
827 1774 911 1838 H.
976 1795 1056 1854 47
1123 1780 1153 1851 ἓ
1218 1773 1294 1854 5).
1385 1773 1720 1857 Polybius
1778 1783 2006 1837 autem
2050 1774 2251 1837 Arati
2295 1793 2528 1836 amore
2575 1782 2646 1836 et

451 1891 709 1972 pietate
785 1910 827 1952 a
901 1910 1067 1953 vero
1136 1890 1385 1958 iudicio
1453 1891 1664 1974 longe
1738 1890 2114 1965 aberravit3
2184 1889 2504 1953 virtutem
2575 1910 2649 1952 se

449 2007 884 2070 laudaturum
953 2027 1102 2069 esse
1170 2005 1514 2089 professus
1530 2055 1545 2082 ,
1614 2027 1741 2089 pro
1809 2027 1895 2069 ea
1963 2005 2307 2069 substituit
2368 1998 2645 2068 causam

452 2123 651 2186 Arati
720 2133 789 2186 et
849 2122 1053 2186 medii
1113 2124 1385 2206 generis
1446 2123 1727 2198 civium;
1789 2133 1862 2186 at
1908 2142 1992 2185 ea
2035 2122 2318 2185 historia
2361 2141 2498 2183 non
2544 2130 2648 2184 est

452 2257 627 2319 quae
673 2237 1007 2300 scribatur
1048 2237 1120 2299 in
1162 2257 1361 2300 usum
1405 2238 1602 2301 unius
1649 2237 1999 2301 cuiusdam
2046 2236 2314 2299 ordinis,
2365 2274 2449 2280 —

540 2351 620 2414 In
688 2351 1147 2434 superioribus
1214 2352 1571 2416 statuimus
1587 2401 1602 2428 ,
1669 2351 2039 2434 Polybium
2103 2372 2260 2442 cum
2321 2351 2647 2415 scriberet

451 2471 589 2532 iam
655 2470 1050 2533 Romanum
1116 2468 1369 2533 factum
1432 2480 1501 2533 et
1561 2478 1794 2551 partes
1852 2469 2207 2532 Romanas
2252 2469 2649 2550 amplexum

454 2607 623 2649 esse.
715 2586 1017 2649 Romani
1075 2563 1171 2648 ‘ad
1230 2584 1587 2668 imperium
1650 2586 1835 2649 orbis
1896 2595 2228 2649 terrarum
2282 2584 2474 2666 quasi
2518 2581 2649 2646 for-

452 2714 618 2766 tuna
678 2702 807 2766 sibi
852 2702 1260 2766 destinatum
1305 2723 1430 2784 per
1485 2704 1701 2766 multa
1747 2712 1817 2766 et
1862 2703 2180 2765 diuturna
2222 2701 2411 2765 bella
2454 2721 2647 2783 prae-

452 2819 673 2901 parati
741 2811 813 2881 et
877 2819 1185 2882 instructi
1255 2819 1317 2881 ei
1386 2819 1704 2882 videntur
1742 2814 1816 2900 1);
1881 2837 2294 2901 quamquam
2354 2836 2492 2879 non
2555 2816 2652 2879 ita

455 2933 678 2997 fatalis
740 2944 810 2997 et
869 2935 1290 2998 necessarius
1350 2936 1407 2997 is
1472 2943 1757 2998 eventus
1805 2935 1868 2998 ei
1916 2934 2098 2997 visus
2145 2944 2251 2997 est
2296 2942 2500 3014 atque
2545 2952 2648 2994 re-

455 3051 867 3120 centioribus
928 3050 1330 3133 quibusdam
1392 3051 1835 3132 scriptoribus
1890 3049 2186 3136 romanis
2233 3059 2303 3112 et
2349 3047 2617 3132 graecis
2634 3098 2648 3124 ,

454 3187 613 3230 nam
659 3166 804 3229 fieri
847 3167 1152 3249 potuisse
1198 3177 1432 3230 censet
1476 3176 1553 3229 ut
1599 3167 1715 3229 alii
1733 3215 1747 3242 ‚
1779 3167 1924 3229 sive
1954 3165 2170 3229 Poeni
2201 3166 2346 3229 sive
2380 3163 2645 3240 Graeci,

454 3284 812 3347 Romanos
879 3284 1067 3346 bello
1136 3283 1637 3365 superavissent
1662 3331 1677 3358 ,
1747 3292 1817 3345 et
1886 3302 2125 3346 causas
2192 3302 2369 3364 quae
2439 3282 2650 3345 talem

458 3410 780 3462 eventum
854 3400 1346 3482 prohibuerunt
1421 3399 1778 3481 indagavit
1829 3398 1913 3480 ²);
1992 3400 2115 3461 sed
2190 3408 2420 3461 tamen
2493 3399 2650 3461 huic

458 3515 732 3578 eventui
748 3564 762 3590 ,
831 3516 946 3596 qui
1017 3516 1359 3597 quomodo
1428 3514 1646 3579 factus
1710 3525 1892 3578 esset
1954 3515 2413 3597 descripturus
2472 3523 2619 3577 erat
2636 3562 2651 3588 ,

455 3629 703 3694 frustra
770 3632 985 3694 obniti
1053 3640 1123 3694 et
1184 3633 1272 3694 ad
1332 3631 1719 3695 libertatem
1780 3629 2082 3695 Graecos
2141 3649 2469 3693 revocare
2513 3649 2649 3691 non

461 3758 742 3811 conatus
789 3757 909 3810 est.
983 3745 1252 3828 Operae
1285 3757 1513 3810 autem
1545 3758 1650 3812 est
1680 3767 2100 3830 cognoscere
2128 3767 2330 3829 quam
2355 3742 2646 3828 aequum

463 3866 549 3926 de
603 3884 784 3925 nova
838 3863 1060 3945 patria
1103 3863 1425 3927 iudicium
1470 3864 1717 3926 tulerit.
1811 3862 1953 3928 Sed
1998 3872 2201 3926 antea
2244 3882 2465 3945 pauca
2509 3882 2649 3924 mo-

465 3982 689 4042 nenda
732 3981 1047 4043 videntur
1091 3981 1177 4042 de
1227 3981 1643 4044 orationibus
1686 3981 1941 4063 passim
1985 3980 2267 4043 insertis,
2354 3978 2657 4041 Fuerunt

551 4245 591 4327 ¹)
633 4246 754 4306 Cfr.
798 4248 841 4305 I.
887 4247 1149 4317 656—
1158 4247 1227 4319 8,
1269 4244 1425 4305 alibi.

541 4345 755 4426 ⁴².)Cfr
797 4347 872 4404 V.
922 4352 1213 4421 104§3;
1256 4345 1389 4404 XV.
1439 4364 1528 4421 19.
1577 4362 1644 4423 5,
1693 4342 1959 4420 inprimis
2000 4343 2105 4403 XI.
2156 4362 2246 4420 19.
2292 4346 2348 4402 6.
