3375 5084
1413 367 1522 424 171

381 537 778 601 Aristaenus
825 548 896 601 et
940 537 1337 620 Diophanes
1377 535 1420 620 ¹)
1438 587 1451 613 ,
1500 538 1732 621 gravis
1778 548 1927 601 orta
1972 547 2077 601 est
2123 539 2526 621 disceptatio
2542 588 2557 615 ‚

379 655 445 716 in
511 675 645 736 qua
711 664 871 719 tunc
933 656 1149 719 altera
1207 676 1365 738 pars
1428 656 1702 738 quidem
1765 656 2110 738 superavit
2125 704 2139 730 ‚
2201 658 2323 718 sed
2384 677 2560 738 quae

375 782 615 851 postea
675 790 882 852 saepe
943 771 1185 834 iterata
1250 780 1371 834 est.
1420 808 1503 816 —-
1555 771 1863 834 Alterius
1908 771 2119 852 partis
2166 772 2310 834 dux
2354 771 2559 835 Phili-

373 905 666 967 poemen
735 907 888 949 cum
952 887 1156 949 etiam
1214 889 1431 969 probe
1492 887 1931 970 cognovisset
1974 886 2243 950 Achaei
2287 895 2364 949 ut
2408 886 2555 950 Ro-

373 1002 588 1065 manis
631 1003 818 1066 bello
863 1003 1254 1067 resisterent
1297 1002 1444 1067 fieri
1472 1024 1610 1067 non
1642 1024 1873 1087 posse,
1898 1014 2129 1068 tamen
2153 1004 2556 1087 dignitatem

376 1119 720 1182 societatis
788 1119 1138 1183 Achaicae
1201 1131 1270 1184 et
1330 1122 1529 1204 leges
1589 1121 1878 1185 intactas
1938 1140 2211 1184 servare
2265 1120 2523 1184 studuit
2544 1169 2558 1196 ,

377 1255 787 1317 quamquam
842 1236 959 1298 ubi
1004 1235 1076 1298 id
1119 1237 1396 1321 legibus
1441 1237 1648 1300 salvis
1694 1235 1840 1300 fieri
1883 1246 2179 1318 poterat,
2225 1237 2562 1300 Romanis

372 1360 450 1414 ut
499 1352 1033 1432 obsequerentur
1076 1352 1426 1415 suadebat.
1494 1352 1787 1434 Utrique
1824 1353 2061 1435 legum
2086 1353 2561 1417 auctoritatem

372 1467 607 1550 magni
698 1468 1147 1532 aestimabant
1169 1517 1184 1543 ,
1279 1469 1402 1532 sed
1477 1469 1881 1533 Aristaenus
1963 1470 2027 1532 ei
2103 1471 2562 1553 anteponebat

373 1583 741 1647 amicitiam
799 1585 1272 1648 Romanorum
1289 1633 1303 1660 ,
1365 1584 1863 1668 Philopoemen
1905 1586 2096 1648 nulla
2140 1606 2215 1649 re
2262 1606 2415 1648 eam
2459 1585 2558 1648 in-

372 1698 580 1782 fringi
623 1700 1012 1781 patiebatur
1048 1699 1109 1781 ²).
1202 1699 1374 1764 Cum
1419 1701 1552 1765 hoc
1597 1710 1826 1765 autem
1874 1703 2147 1764 stabant
2192 1700 2525 1783 Lycortas
2545 1749 2559 1777 ‚

371 1816 704 1898 Polybius
720 1865 734 1892 ,
796 1816 984 1880 initio
1047 1818 1252 1880 etiarn
1314 1817 1611 1881 Archon.
1705 1817 2285 1900 Distinguendum
2330 1827 2560 1881 autem

374 1942 483 1996 est
557 1933 732 1997 inter
807 1934 1157 2016 opiniones
1230 1933 1506 2016 Polybii
1574 1934 2006 1998 historiarum
2073 1934 2416 2016 scriptoris
2493 1943 2563 1997 et

371 2048 648 2130 Polybii
709 2049 1061 2113 Achaicae
1123 2048 1486 2114 Societatis
1547 2051 1862 2126 fautoris3
1911 2052 1997 2114 de
2043 2051 2178 2114 illis
2224 2051 2359 2113 alio
2407 2051 2562 2114 loco
2655 2052 2661 2056 ’

373 2184 676 2247 agemus
745 2165 825 2227 In
869 2166 1056 2229 bello
1105 2166 1381 2230 Persico
1426 2167 1496 2229 hi
1542 2176 1680 2230 tres
1723 2166 1851 2229 viri
1882 2166 2297 2248 aliquamdiu
2318 2144 2562 2249 pacem

373 2302 530 2346 cum
597 2291 882 2363 utraque
951 2291 1146 2364 parte
1215 2301 1488 2346 servare
1550 2285 1900 2346 studentes
1917 2331 1932 2358 ‚
1992 2283 2062 2345 in
2106 2282 2561 2364 suspicionem

370 2397 709 2460 Romanis
756 2406 1114 2472 venerunt,
1163 2406 1234 2461 et
1279 2416 1336 2460 a.
1393 2401 1513 2476 169
1549 2396 1620 2461 C.
1652 2397 1958 2479 Popilius
1988 2396 2257 2460 Laenas
2287 2397 2560 2479 legatus

370 2513 540 2576 Auli
579 2512 879 2577 -Hostilii
934 2514 1227 2598 consulis
1274 2514 1362 2577 ad
1409 2514 1794 2577 contionem
1839 2513 2279 2577 Achaeorum
2327 2532 2560 2577 eorum

371 2630 649 2692 nomina
694 2630 1042 2694 delaturus
1086 2629 1292 2693 fuisse
1338 2630 1708 2705 ferebatur,
1754 2630 1883 2693 nisi
1925 2629 2268 2712 probabili
2314 2630 2560 2692 caruis-

368 2756 478 2809 set
537 2756 903 2828 praetextu
941 2747 1001 2829 3).
1095 2745 1240 2811 Sed
1300 2749 1546 2815 eodem
1609 2767 1819 2811 anno·
1849 2747 2178 2810 auxilium
2224 2746 2561 2810 Romanis

369 2864 724 2926 decretum
791 2872 897 2926 est
956 2884 996 2926 e
1055 2863 1389 2927 sententia
1447 2862 1789 2927 Archonis
1805 2912 1819 2939 ,
1881 2882 2177 2945 quocum
2222 2862 2563 2926 faciebant

370 2978 763 3060 Polyaenus
778 3027 793 3055 ‚
840 2978 1235 3042 Arcesilaus
1252 3029 1265 3055 ,
1312 2979 1547 3043 Aristo
1562 3028 1577 3055 ‚
1625 2978 1862 3055 Xeno,
1907 2978 2154 3042 frustra
2199 2979 2560 3042 obnitenti-

364 3097 497 3157 bus
565 3094 1015 3178 Apollonida,
1087 3093 1340 3160 Stratio
1360 3145 1374 3171 ,
1438 3095 1738 3177 Lycorta
1772 3095 1832 3177 ⁸).
1936 3094 2226 3158 Videtur
2285 3095 2563 3177 quidem

369 3213 546 3275 haec
616 3212 1021 3275 consultatio
1088 3213 1326 3276 habita
1387 3232 1537 3276 esse
1597 3213 1667 3275 in
1730 3209 2020 3288 Senatu,
2084 3208 2291 3298 βουλῇ
2330 3210 2375 3293 ⁵)
2392 3260 2406 3287 ,
2455 3212 2564 3276 cui

371 3337 536 3391 tunc
583 3348 719 3391 non
764 3327 1145 3392 interfuisse
1190 3328 1461 3392 videtur
1505 3328 1866 3410 PolybiuS‚
1914 3331 2037 3391 sed
2067 3337 2297 3392 tamen
2319 3328 2563 3391 mirum

466 3596 504 3677 ¹)
547 3599 608 3655 P.
655 3598 878 3655 XXIII.
925 3616 978 3656 c.
1030 3618 1119 3655 10.

452 3694 504 3774 2)
546 3698 611 3755 P.
657 3697 847 3755 XXV.
892 3715 945 3756 e.
992 3716 1062 3774 9,
1107 3711 1206 3773 92,
1251 3698 1340 3775 9b.

456 3793 505 3875 3)
545 3797 610 3854 P.
661 3796 835 3854 XXV
836 3797 954 3856 111.
988 3815 1041 3856 e.
1086 3815 1141 3872 3.

453 3892 503 3972 4)
545 3896 608 3952 P.
656 3896 939 3955 XXVIII.
983 3914 1036 3954 e.
1084 3898 1138 3954 6.

454 3992 505 4074 5)
547 3991 780 4053 Primae
822 3993 993 4054 huius
1044 3992 1253 4072 capitis
1295 3993 1442 4055 sexti
1486 3994 1810 4056 sententiae
1852 4006 2012 4056 recte
2053 3994 2310 4073 intellegi
2351 4015 2566 4073 neque-

369 4103 507 4158 unt.
569 4096 674 4154 sed
731 4092 1045 4154 ostendere
1084 4092 1361 4154 videntur
1403 4095 1716 4155 Senatores
1758 4105 2022 4170 tantum,
2065 4115 2186 4155 non
2227 4095 2568 4155 contionem

370 4210 409 4251 a
449 4190 700 4269 Polybio
743 4191 1054 4270 designari.
1138 4194 1232 4251 De
1272 4192 1382 4252 illis
1425 4193 1716 4253 Merleker
1758 4192 2025 4253 Achaica
2064 4214 2123 4271 p.
2169 4196 2280 4253 86:
2347 4195 2566 4271 „Sena-

371 4300 530 4351 tores
586 4300 754 4350 erant
798 4290 1174 4371 magistratus
1215 4301 1273 4351 et
1316 4291 1486 4351 electi
1527 4292 1908 4353 Achaeorum
1925 4338 1940 4367 ,
1985 4291 2087 4369 qui
2128 4291 2568 4371 magistratibus

372 4401 567 4450 essent
609 4390 794 4449 functi
836 4401 894 4449 et
936 4390 1395 4468 praestantiores
1436 4390 1655 4451 civium
1699 4391 2098 4450 viderenmr”.
