3375 5084
1348 352 1428 410 79

302 525 648 587 navalibus
695 525 783 586 ad
831 522 1135 587 Siciliam
1181 524 1396 606 gestis
1450 544 1523 586 se
1558 524 1902 587 continuit.
1950 523 2106 586 Hoc
2134 524 2487 586 consilium
2556 530 2564 553 ‘

310 642 485 703 haud
530 641 1051 722 improbandum
1099 660 1249 702 esse
1280 640 1552 702 videtur
1566 688 1580 714 ,
1613 639 1935 720 quoniam
1956 640 2089 702 hoc
2116 639 2488 701 maximum

305 756 496 817 huius
560 750 728 817 belli
773 765 1192 818 momentum
1238 775 1386 817 esse
1436 756 1763 818 censebat
1780 803 1794 828 ,
1842 756 2026 835 quod
2068 755 2369 817 Romani
2414 755 2483 816 in

305 892 382 934 eo
429 872 718 953 primum
763 872 968 934 maris
1013 871 1297 952 imperio
1343 871 1543 952 potiti
1588 881 1761 934 sunt.

909 1099 1040 1171 IV.
1129 1099 1428 1171 Bellum
1473 1099 1867 1172 Gafflcum.

1033 1246 1180 1309 Pol.
1228 1247 1312 1310 H.
1363 1268 1418 1310 0.
1470 1267 1751 1325 22--35,

388 1453 718 1535 Polybius
779 1453 865 1515 II.
930 1474 986 1515 c.
1044 1473 1127 1530 24
1177 1462 1253 1515 ut
1298 1453 1614 1515 ostendat
1661 1461 1990 1533 quantum
2037 1451 2240 1515 fuerit
2284 1453 2491 1514 robur

303 1552 769 1632 Romanorum
786 1617 800 1643 ,
849 1578 1084 1631 contra
1133 1587 1304 1649 quos
1336 1567 1685 1629 Hannibal
1717 1567 1978 1629 bellum
2012 1587 2256 1649 gerere
2291 1587 2493 1628 ausus

305 1696 481 1748 esset
498 1735 512 1760 ,
563 1685 794 1766 copias
841 1685 1314 1747 Romanorum
1362 1694 1432 1747 et
1465 1684 1806 1746 sociorum
1837 1683 2091 1745 auxilia
2128 1693 2493 1758 enumerat,

305 1820 586 1881 quorum
633 1811 776 1863 tum
823 1819 1141 1862 numerus
1187 1799 1257 1861 in
1305 1799 1558 1862 tabulis
1606 1799 1904 1880 publicis
1935 1799 2297 1880 inscriptus
2322 1809 2494 1862 erat:

305 1915 466 1996 (Pol.
538 1914 624 1977 II.
709 1934 788 1992 23
862 1920 892 1990 ἓ
974 1914 1026 1995 ι)
1098 1923 1233 1990 τοῖς
1295 1916 1848 1995 ὑποτεταγμένοις
1918 1914 2271 1996 α’ναφέρειν
2344 1913 2495 1980 ἐπέ-

307 2032 513 2106 ταξαν
573 2031 1087 2112 ἀπογραφὰς
1135 2039 1265 2096 τῶν
1327 2035 1395 2097 ἐν
1446 2040 1590 2107 ταῖς
1638 2028 1965 2113 ἡλικίαις,
2018 2029 2495 2108 σπουδάζοντες

308 2145 549 2215 εἰδέναι
600 2151 670 2212 τὸ
718 2159 971 2231 σύμπαν
1022 2143 1281 2228 πλῆθος
1315 2153 1426 2228 τῆς
1457 2148 1867 2232 ὑπαρχούσης
1895 2145 2117 2223 αὐτοῖς
2145 2149 2491 2228 δυνάμεως,

309 2262 625 2326 Omnium
709 2263 1058 2344 copiarum
1144 2273 1372 2326 autem
1443 2284 1709 2326 summa
1779 2274 1884 2327 est
1962 2268 2246 2343 699.2oo
2307 2265 2461 2345 ped.
2482 2312 2496 2337 ,

310 2386 527 2459 69100
581 2374 726 2461 eq„
788 2381 903 2442 vel
962 2384 1222 2460 768300
1270 2400 1505 2443 omnes
1546 2376 1621 2461 l);
1670 2380 1818 2461 ipse
1868 2380 1964 2443 ait
2010 2381 2061 2462 (5
2120 2380 2218 2461 16)
2262 2400 2497 2441 nume-

309 2516 454 2558 rum
503 2496 803 2558 omnium
850 2496 1150 2559 virorum
1198 2496 1583 2558 adultorum
1633 2496 1749 2577 qui
1796 2516 1983 2558 arma
2013 2495 2188 2558 ferre
2219 2506 2499 2577 possent

309 2612 511 2676 fuisse
528 2614 829 2695 (numero
846 2614 1157 2695 rotundo)
1182 2634 1461 2693 700.ooo
1480 2614 1654 2695 ped„
1674 2634 1910 2693 70.ooo
1930 2633 2051 2694 eq.,
2067 2613 2182 2675 vel
2201 2633 2232 2692 7
2245 2633 2498 2692 70.000.

392 2729 596 2791 Hunc
661 2740 1101 2811 conspectum
1166 2750 1207 2792 a
1270 2729 1487 2792 Fabio
1554 2731 1644 2792 ad
1706 2730 1931 2792 lucem
1977 2739 2268 2792 tractum
2315 2749 2497 2805 esse,

309 2846 421 2926 qui
468 2845 616 2927 ipse
663 2846 849 2907 bello
897 2844 1276 2909 interfuerit
1296 2895 1310 2920 ,
1359 2865 1632 2927 quoque
1681 2845 1798 2926 qui
1843 2845 2077 2927 paullo
2124 2854 2280 2926 post
2324 2864 2499 2906 rem-

308 2961 653 3041 publicam
709 2962 856 3042 ipse
905 2961 1198 3043 gesserit
1242 2981 1442 3024 nemo
1493 2961 1716 3042 aptior
1761 2960 1963 3023 fuerit
2008 2962 2097 3023 ad
2143 2980 2288 3022 rem
2336 2980 2500 3042 cog-

308 3079 721 3140 noscendam
738 3126 752 3152 ,
802 3078 958 3140 inde
1007 3088 1274 3141 constat
1321 3079 1506 3159 quod
1551 3076 1789 3140 Livius
1822 3076 1866 3158 2)
1896 3076 2200 3159 (Orosius
2217 3126 2233 3152 ,
2256 3076 2501 3139 Eutro-

308 3193 454 3273 pius
472 3242 488 3268 ,
536 3193 794 3256 Plinius
836 3191 897 3275 3))
947 3213 1101 3255 eum
1151 3204 1499 3257 auctorem
1547 3193 1898 3275 allegavit.
1990 3191 2225 3255 Livius
2275 3201 2345 3254 et
2385 3192 2501 3272 qui

320 3377 539 3385 ψ.-
542 3380 607 3384 ------

391 3479 432 3560 ¹)
478 3482 651 3539 Peter
695 3479 851 3539 Hist.
896 3483 1072 3541 Rom.
1120 3481 1267 3540 Rell.
1314 3501 1371 3557 p.
1420 3484 1495 3556 36
1526 3478 1650 3540 not.
1691 3501 1764 3556 23
1796 3500 2111 3539 numerum
2134 3479 2505 3557 computavit

306 3579 417 3637 800
444 3599 563 3656 300
605 3578 889 3653 militum3
933 3579 1127 3639 socios
1169 3579 1244 3659 (0.
1296 3600 1372 3653 24
1413 3587 1441 3650 ξ
1486 3578 1547 3659 3)
1590 3599 1792 3639 errore
1836 3580 1926 3639 bis
1969 3578 2320 3638 numeravit.

384 3677 434 3757 2)
491 3680 561 3737 ln
616 3677 759 3755 peri.
808 3699 882 3736 20
923 3677 1074 3737 Livii
1115 3677 1471 3765 corrigenda
1512 3697 1639 3737 esse
1681 3678 2053 3738 conieceram
2096 3679 2246 3737 haec
2287 3678 2501 3737 verba:

312 3795 418 3850 „eo
464 3778 620 3837 bello
662 3779 951 3854 populum
993 3779 1337 3837 Romanum
1385 3777 1471 3836 sui
1512 3777 1797 3854 latinique
1838 3778 2092 3837 nominis
2122 3764 2281 3838 'CYJ'C
2316 3795 2508 3834 arma·

313 3884 506 3935 torum
549 3875 822 3936 habuisse
866 3875 1010 3935 dicit
1051 3875 1308 3936 Fabius''
1330 3923 1345 3950 ‚
1388 3897 1462 3935 ex
1505 3876 1722 3936 Orosio
1766 3886 1824 3936 et
1860 3877 2150 3954 Eutropio
2178 3877 2239 3935 in
2269 3867 2505 3936 DCCC.

310 3974 481 4035 Nunc
525 3975 701 4035 video
743 3974 804 4034 id
849 3975 1186 4035 confirmari
1228 3975 1581 4035 auctoritate
1622 3975 2002 4036 Mommsenii
2019 4021 2033 4046 ,
2079 3974 2359 4059 (Hermes
2399 3977 2506 4034 ΧΙ.

314 4093 338 4131 1
399 4095 438 4151 p
517 4074 649 4155 49),
711 4073 813 4151 qui
853 4074 1056 4134 statuit
1097 4074 1159 4132 in
1201 4074 1410 4134 codice
1451 4074 1567 4153 legi
1609 4094 1756 4134 accc
1775 4121 1790 4149 ‚
1832 4074 1975 4133 illud
2018 4093 2055 4133 a
2097 4101 2179 4127 Ξ
2228 4077 2284 4132 D
2327 4075 2505 4153 vulgo

311 4185 655 4251 corruptum
698 4193 842 4233 esse.

392 4269 440 4351 3)
494 4272 665 4331 Plinii
719 4271 818 4353 (N.
873 4274 952 4330 H.
1011 4274 1118 4331 III.
1170 4272 1270 4353 20)
1313 4293 1387 4332 ex
1431 4272 1661 4350 optimo
1705 4272 1916 4333 codi'ce
1958 4273 2120 4332 Leid.
2167 4276 2244 4332 A.
2289 4271 2501 4350 legitur

310 4360 529 4431 LXX‘X
571 4370 870 4448 equitum,
916 4361 1080 4432 D‘C'C
1121 4371 1392 4448 peditum
1407 4394 1425 4447 3
1470 4392 1746 4432 recensus
1789 4382 2102 4432 auctorum
2144 4373 2224 4431 ad
2266 4370 2502 4430 Livium
