3375 5084
1830 324 1913 398 36

784 536 958 578 nem.
1047 514 1194 577 Iam
1254 512 1444 575 initio
1507 513 1625 573 ubi
1670 513 1759 573 de
1806 511 2004 592 copia
2048 510 2698 592 rerumpublicarum
2746 506 2959 571 Grae-

787 651 1018 694 carum
1063 630 1209 712 agit
1252 627 1584 710 Polybius
1628 636 1702 690 et
1731 629 1819 689 de
1850 647 2084 688 earum
2114 626 2578 714 vicissitudine
2600 624 2961 687 Platonem

785 746 1127 809 audimus:

871 862 1018 924 Pol.
1048 860 1168 923 VI.
1201 880 1256 923 e.
1283 881 1354 937 3:
1381 863 1512 924 τῶν
1693 859 1893 921 Plato
1916 859 2104 940 legg:
2130 857 2250 919 ΠΙ.
2285 879 2306 918 1
2340 877 2405 938 p.
2427 860 2555 936 676
2577 855 2657 919 C:
2690 854 2958 939 ,μυρίαι

780 980 898 1059 μὲν
969 980 1090 1061 γὰρ
1155 972 1515 1057 ἑλληνικῶν
1606 982 1725 1058 μὲν
1747 977 1851 1036 ἐπὶ
1870 977 2131 1057 μυρίαις
2148 980 2300 1055 ἡμῖν
2320 968 2963 1051 γεγόνασιπόλεις-

782 1091 1269 1173 πολιτευμάτων
1395 1093 1514 1157 ὅσα
1606 1099 1774 1155 κατὰ
1795 1089 1863 1152 δὲ
1885 1092 1996 1156 τόν
2015 1090 2215 1154 αὐτὸν
2234 1089 2301 1153 δὲ
2319 1093 2430 1153 τοῦ
2448 1068 2743 1169 πλήθους
2759 1084 2958 1165 λόγον

782 1206 1268 1289 πολλάκιςμὲν
1325 1206 1515 1289 ηὔξη-
1606 1209 1722 1272 οὐκ
1766 1203 2066 1279 ἐλάσσους
2120 1203 2550 1289 ἐφθαρμέναι,
2578 1200 2964 1268 πεπολιτευ-

783 1351 925 1406 ται,
958 1321 1271 1399 πολλάκις
1299 1322 1375 1404 δὴ
1403 1332 1512 1406 τῆς
1603 1324 1797 1406 μέναι
1840 1315 1989 1386 δἀὗ
2029 1328 2238 1396 πάσας
2280 1316 2961 1396 πολιτείαςπολλάκις

783 1447 872 1513 εἷς
943 1440 1269 1505 τάναντία
1325 1462 1516 1522 μετα·
1605 1441 1965 1520 ἑκασταχοῦ
2010 1439 2119 1502 καὶ
2161 1439 2303 1498 τότε
2335 1437 2452 1517 μὲν
2490 1435 2556 1510 ἐξ
2592 1432 2957 1502 ἐλαττόνων

782 1556 976 1640 βολῆς
993 1552 1365 1638 ὁλοσχεροῦς
1382 1564 1517 1621 πεῖ·
1607 1555 1887 1637 μείζους,
1940 1558 2080 1617 τότε
2122 1550 2256 1616 δ’ἐκ
2296 1554 2608 1635 μειζόνων
2652 1552 2959 1623 ἐλάττους

781 1697 904 1753 ραν
954 1671 1194 1753 εἴληφε.
1608 1676 1717 1733 καὶ
1762 1673 2010 1755 χείρους
2044 1670 2113 1731 ἐκ
2139 1664 2494 1752 βελτιόνων
2521 1671 2824 1747 γεγόνασι
2850 1670 2960 1733 καὶ

1605 1782 1903 1869 βελτίους
1953 1787 2021 1848 ἐκ
2073 1791 2397 1870 χειρόνων.

868 1903 1024 1966 Hoc
1087 1923 1242 1965 cum
1305 1911 1646 1965 constaret
1664 1951 1678 1976 ,
1742 1902 1899 1964 inde
1962 1900 2190 1964 effecit
2247 1901 2576 1983 Polybius
2622 1901 2829 1963 etiam
2871 1901 2960 1962 de

779 2018 1007 2082 futuro
1062 2018 1454 2100 praedicere
1499 2016 1701 2079 facile
1748 2037 1899 2079 esse
1914 2065 1930 2089 ,
1977 2017 2238 2079 scilicet
2283 2018 2468 2098 quod
2513 2017 2602 2078 ad
2648 2016 2959 2109 civitates

783 2130 1082 2196 Graecas
1127 2132 1530 2214 pertineret;
1576 2151 1735 2193 nam
1781 2132 1867 2193 de
1914 2131 2189 2193 civitate
2220 2130 2541 2193 Romana
2567 2150 2713 2193 rem
2737 2131 2959 2212 magis

744 2248 1198 2330 implicatam
1261 2267 1411 2309 esse
1473 2247 1711 2309 statuit
1769 2256 2048 2328 propter
2107 2247 2508 2309 varietatem
2575 2243 2958 2329 (ποικιλίαν)

782 2362 982 2427 huius
1027 2362 1477 2443 reipublicae;
1525 2363 1968 2444 quamobrem
1985 2410 1999 2436 ,
2047 2362 2142 2425 ait
2158 2410 2172 2436 ,
2221 2360 2439 2445 διόπερ
2483 2362 2555 2426 οὐ
2589 2368 2700 2441 τῆς
2734 2365 2958 2445 τυχού-

784 2502 893 2562 σης
958 2482 1338 2552 ἐπιστάσεως
1400 2480 1770 2563 προςδεῒται
1838 2482 1947 2544 καὶ
1998 2482 2315 2564 θεωρίας,
2368 2482 2422 2545 εἷ
2467 2476 2684 2563 μέλλει
2734 2502 2832 2552 τις
2879 2484 2958 2542 τὰ

785 2593 1182 2679 διαφέροντα
1233 2597 1540 2678 καθαρῶς
1592 2598 1662 2660 ἐν
1713 2594 1880 2679 αὐτῇ
1926 2601 2357 2681 συνόψεσθαι.
2423 2594 2635 2676 Quasi
2664 2596 2735 2657 in
2757 2596 2961 2657 rebus

781 2711 1049 2795 graecis
1108 2717 1151 2789 η’
1204 2715 1482 2797 τυχοῦσα
1532 2711 1863 2783 ἐπίστασις
1911 2708 2253 2773 sufficeret
2296 2712 2385 2773 ad
2429 2710 2958 2791 praedicendum

782 2830 870 2891 de
913 2827 1176 2891 futuro!

870 2943 1173 3026 Exponit
1217 2942 1465 3004 deinde
1509 2942 1856 3026 Polybius·
1886 2943 2071 3024 apud
2117 2962 2350 3005 omnes
2394 2942 2756 3024 scriptores
2794 2943 2961 3025 (τούς

783 3056 1122 3132 πλεῖστους
1168 3062 1300 3124 τῶν
1349 3058 1767 3143 βουλομένων
1820 3055 2297 3131 διδασκαλικῶς
2329 3065 2483 3142 ἡμῖν
2507 3056 2958 3125 ὑποδεικνύειν

788 3178 928 3256 περὶ
1001 3179 1132 3241 τῶν
1206 3174 1540 3255 τοιούτων)
1607 3173 1767 3237 ferri
1834 3175 1954 3237 illa
2018 3176 2148 3237 tria
2206 3175 2623 3256 reipublicae
2689 3195 2962 3257 genera.

784 3291 1043 3354 Eadem
1088 3291 1289 3353 Plato
1336 3300 1406 3353 et
1451 3291 1616 3353 alibi
1660 3282 1731 3353 et
1776 3292 1862 3353 de
1907 3291 2090 3372 Rep.
2138 3291 2173 3354 I
2218 3312 2281 3373 p.
2331 3297 2458 3370 338
2506 3292 2611 3364 D„
2658 3292 2858 3354 Polit.
2896 3311 2960 3373 p.

790 3428 906 3487 291
984 3406 1070 3469 D.
1163 3404 1333 3480 Sed,
1403 3407 1498 3469 ait
1514 3455 1530 3480 ,
1591 3407 1697 3469 his
1758 3408 1888 3469 tria
1946 3408 2083 3470 alia
2142 3408 2347 3470 etiam
2408 3409 2741 3471 accedunt
2785 3428 2960 3489 quae

786 3543 940 3585 cum
983 3523 1118 3585 illis
1161 3523 1258 3584 ita
1303 3522 1661 3586 coniuncta
1716 3532 1873 3585 sunt
1916 3532 1995 3585 ut
2037 3524 2200 3586 bina
2241 3542 2512 3606 semper
2556 3524 2962 3586 cohaereant

784 3639 1058 3721 (συμφυῆ
1122 3639 1322 3728 γένη»
1370 3644 1658 3720 συμφυὴς
1726 3637 1981 3719 κακία),
2042 3639 2354 3701 binorum
2399 3648 2629 3702 autem
2673 3640 2963 3701 alterum

784 3754 1099 3816 deterius,
1213 3753 1293 3815 In
1374 3753 1505 3816 hac
1580 3763 1809 3817 autem
1893 3754 2227 3817 sententia
2273 3754 2537 3816 ‘iterum
2605 3754 2965 3841 Platonem

784 3868 1233 3952 agnoscimUS.
1324 3867 1392 3931 Is
1462 3869 1642 3931 enim
1690 3867 1725 3949 ¹)
1785 3870 1940 3950 πρὸς
2014 3873 2086 3934 τό
2150 3870 2371 3952 βίαιόν
2437 3893 2600 3950 που,
2664 3869 2791 3943 ait,
2854 3874 2964 3931 καὶ

784 3987 1078 4052 ἑκούσιον
1137 3986 1663 4060 ἀποσκοποῦντες
1712 3992 1849 4065 νῦν,
1902 3986 2012 4046 καὶ
2061 3985 2297 4048 πενίαν
2348 3989 2456 4048 καὶ
2504 3986 2812 4060 πλοῦτον,
2855 3990 2965 4050 καὶ

789 4104 988 4181 νόμον
1024 4105 1133 4164 καὶ
1170 4098 1452 4182 α’νομίαν
1489 4102 1558 4163 ἐν
1584 4098 1809 4171 αὐτοῖς
1834 4108 2211 4180 γιγνόμενα,
2248 4096 2534 4182 διπλῆν
2573 4101 2965 4183 ἑκατέραν

878 4340 918 4420 ¹)
958 4341 1128 4400 Polit.
1170 4362 1230 4418 p.
1279 4361 1412 4418 291.
1457 4344 1528 4406 E.
