3375 5084
1890 338 2009 395 170

852 510 1212 573 litanorum
1282 530 1489 591 saepe
1559 510 1810 573 diserte
1881 510 2135 574 mentio
2203 511 2518 586 incurrit;
2588 509 2841 573 Aratus
2906 530 3027 592 per

850 628 1021 688 duos
1078 627 1261 689 viros
1318 626 1943 709 Megalopolitanos
1998 647 2152 690 curn
2199 626 2552 710 Antigono
2599 627 2746 710 agit
2790 626 2892 707 (II.
2941 632 3020 703 48

851 747 881 818 ἕ
947 763 982 820 3
1034 750 1103 804 et
1147 762 1322 823 sqq.;
1371 752 1899 804 consentaneum
1945 752 2051 805 est
2097 743 2242 805 eius
2287 742 2472 805 urbis
2519 742 2779 805 civibus
2825 740 3023 803 etiam

850 877 967 920 eas
1026 877 1137 920 res
1195 859 1411 939 probe
1467 858 1778 940 cognitas
1820 857 2029 921 fuisse
2046 908 2061 933 ,
2109 879 2276 940 quas
2319 879 2406 921 ne
2451 858 2710 921 Aratus
2755 858 3024 938 quidem

848 993 1010 1035 vere
1072 974 1142 1036 in
1204 975 1703 1037 commentariis
1766 995 2112 1057 exponere
2175 995 2379 1038 ausus
2440 983 2616 1048 erat3
2675 973 2793 1035 IV.
2844 993 2899 1036 c.
2955 993 3024 1051 13

848 1088 1520 1172 Megapolitanorum
1582 1091 1823 1172 copiae
1887 1111 2005 1154 cur
2065 1111 2344 1173 pugnae
2397 1091 2486 1152 ad
2532 1088 2851 1171 Caphyas
2892 1108 3028 1151 non

845 1204 1268 1269 interfuerint
1331 1205 1580 1269 diserte
1634 1207 1923 1270 additur.
2015 1206 2164 1270 Has
2211 1206 2635 1271 coniecturas
2681 1203 3031 1269 confirmat

847 1325 1031 1405 quod
1090 1324 1238 1405 ipse
1299 1332 1589 1388 testatur
1604 1372 1618 1399 ,
1680 1344 1792 1387 res
1839 1323 2140 1389 Graecas
2186 1344 2355 1406 quas
2401 1322 2742 1387 describat
2783 1322 3028 1404 partim

846 1461 921 1503 se
983 1440 1204 1521 ipsum
1262 1449 1697 1523 praesentem
1755 1440 2009 1504 vidisse
2026 1489 2040 1517 ‚
2100 1450 2368 1524 partem
2429 1439 2769 1503 audivisse
2816 1439 2906 1501 ab
2951 1437 3031 1500 iis

845 1556 962 1637 qui
1008 1555 1469 1620 interfuissent
1508 1552 1568 1639 1).

935 1672 1103 1736 Post
1176 1683 1464 1736 mortem
1539 1673 2095 1756 Philopoemenis
2166 1673 2315 1757 ipse
2387 1676 2476 1736 ad
2543 1670 3032 1753 rempublicam

849 1792 1224 1872 gerendam
1267 1790 1583 1866 accessit,
1631 1800 1704 1854 et
1748 1811 1925 1872 quae
1973 1792 2061 1853 ab
2109 1811 2193 1854 eo
2239 1800 2547 1872 tempore
2593 1790 2645 1872 (1
2661 1788 2765 1870 83)
2797 1787 3029 1851 scribit
3151 1824 3160 1833 ·

843 1904 1170 1986 pleraque
1215 1914 1373 1968 sunt
1419 1910 1501 1971 τὰ
1549 1904 1727 1988 αὐτῷ
1776 1907 2162 1992 βεβιωμένα.
2234 1906 2618 1989 Legatione
2648 1905 2718 1967 in
2740 1903 3029 1986 Aegyp-

843 2029 1018 2096 tum,
1089 2020 1218 2103 ipsi
1287 2041 1441 2084 cum
1506 2031 1703 2103 patre
1771 2033 1841 2086 et
1909 2021 2129 2085 Arato
2193 2023 2468 2085 decreta
2530 2041 2588 2083 a.
2659 2026 2814 2095 180,
2875 2037 3032 2082 eum

840 2136 1187 2218 prohibuit
1230 2156 1413 2200 mors
1459 2137 1841 2201 Ptolemaei
1884 2138 2070 2221 regis
2102 2138 2163 2220 2).
2233 2137 2491 2220 Aliquo
2535 2146 2845 2219 tempore
2866 2144 3027 2218 post

840 2252 1117 2316 tandem
1132 2300 1148 2326 ,
1211 2252 1288 2315 in'
1340 2253 1526 2316 bello
1588 2255 1865 2317 Persico
1883 2303 1897 2329 ,
1942 2254 2252 2318 videmus
2299 2274 2457 2317 eum
2503 2262 2692 2317 certa
2737 2253 3030 2334 quadam

837 2367 939 2430 rei
998 2368 1317 2450 publicae
1378 2370 1725 2452 gerendae
1788 2370 2047 2433 ratione
2105 2372 2398 2453 probata
2413 2417 2428 2446 ,
2486 2389 2643 2433 cum
2688 2366 2916 2451 gratia
2961 2376 3031 2430 et

843 2484 1101 2547 honore
1150 2485 1327 2548 inter
1369 2484 1695 2549 Achaeos
1740 2486 2126 2569 degentem.
2219 2485 2753 2570 Praecipuarum
2798 2493 3030 2548 autem

841 2602 1136 2682 partium
1180 2602 1619 2666 Achaeorum
1665 2603 1875 2667 duces
1923 2613 2114 2668 erant
2158 2603 2563 2667 Aristaenus
2609 2612 2681 2666 et
2720 2602 3028 2684 Diopha-
3088 2662 3093 2667 ,

840 2737 964 2780 nes
980 2766 995 2793 ,
1074 2719 1188 2798 qui
1255 2718 1526 2782 unicam
1592 2718 1945 2784 Achaicae
2016 2717 2380 2784 Societatis
2449 2719 2739 2783 salutem
2806 2718 3033 2781 inesse

842 2835 1211 2897 censebant
1255 2833 1325 2897 in
1368 2833 1504 2898 fide
1550 2844 1621 2898 et
1665 2837 1998 2917 obsequio
2044 2855 2215 2919 erga
2257 2835 2632 2919 Romanos,
2661 2834 3033 2917 diligenter

824 2950 1283 3013 observandis
1300 2999 1313 3025 ,
1384 2961 1454 3014 et
1514 2952 2009 3033 Philopoemen
2071 2973 2227 3016 cum
2287 2952 2442 3015 suis,
2491 2988 2574 2997 —-
2623 2950 3032 3014 Aristaenus

838 3086 896 3129 a.
967 3089 990 3128 1
1006 3086 1083 3146 97
1144 3076 1421 3149 praetor
1463 3067 1786 3131 Achaeos
1833 3090 1875 3132 a
1919 3068 2219 3152 Philippi
2265 3068 2562 3132 amicitia
2607 3068 2696 3131 ad
2741 3067 3028 3147 societa-

838 3191 978 3245 tem
1033 3183 1505 3246 Romanorum
1551 3185 1761 3248 traxit
1799 3184 1841 3266 3)
1858 3234 1873 3262 ,
1921 3205 2077 3249 cum
2122 3185 2385 3268 ingenti
2431 3184 2733 3248 omnium
2778 3183 3027 3247 amico-

839 3318 988 3361 rum
1037 3318 1398 3374 consensu;
1448 3301 1571 3363 sed
1616 3300 1963 3382 aliquanto
2009 3310 2167 3384 post
2182 3351 2197 3377 ,
2246 3321 2400 3365 cum
2445 3301 2722 3364 tertium
2752 3308 3032 3381 praetor

838 3415 916 3497 (a.
991 3436 1012 3476 1
1028 3419 1065 3477 8
1073 3413 1134 3496 5)
1194 3415 1430 3498 legato
1492 3416 1812 3479 Romano
1877 3415 1957 3498 Q.
2006 3415 2304 3480 Caecilio
2350 3416 2641 3480 Metello
2688 3415 2776 3478 de
2822 3413 3027 3496 Spar-

839 3539 1154 3594 tanorum
1216 3539 1285 3594 et
1330 3530 1824 3597 Messeniorum
1869 3532 2124 3598 iniuriis
2169 3534 2479 3618 querenti
2524 3541 3028 3599 assentarentur

925 3862 939 3897 ¹
1008 3865 1074 3922 P.
1117 3865 1223 3923 IV.
1267 3883 1319 3923 e.
1369 3885 1400 3923 2
1517 3886 1570 3924 2.

915 3861 967 4039 23
1012 3962 1399 4022 Markhauser
1444 3873 1593 4044 {der
1656 3963 2277 4026 Geschichtschreiber
2337 3968 2547 4045 Polyb.
2566 4014 2581 4043 ,
2638 3966 2797 4028 seine
2854 3971 3033 4028 Welt-

832 4059 1219 4139 anschauung
1260 4063 1385 4121 und
1428 4062 1783 4122 Staatslehre
1800 4109 1815 4137 ,
1858 4065 2160 4125 Munchen
2209 4068 2362 4143 1858
2381 4113 2395 4140 ,
2436 4087 2495 4144 p.
2547 4066 2647 4148 74)
2675 4067 2760 4127 ait
2787 4087 2852 4128 se
2872 4079 3034 4128 certe

834 4155 981 4215 scire
1047 4159 1228 4233 „dasz
1292 4179 1355 4219 er
1417 4161 1502 4220 als
1558 4161 1716 4221 noch
1772 4159 1935 4221 nicht
1992 4164 2324 4243 30jahriger
2380 4167 2569 4225 Mann
2609 4166 2670 4226 in
2711 4167 3034 4246 Aegypten

832 4257 1159 4329 gewesen.”
1242 4257 1431 4317 Aliter
1473 4261 1598 4340 Pol.
1638 4259 1796 4337 ipse,
1839 4262 2029 4323 XXV.
2073 4282 2126 4322 e.
2176 4281 2205 4338 7
2251 4272 2278 4336 ξ
2323 4267 2377 4324 6.

921 4348 970 4430 ³)
1011 4353 1076 4410 P.
1117 4356 1341 4414 XVIII.
1385 4375 1439 4415 c.
1489 4377 1578 4434 13.
