3375 5084
1836 357 1955 415 118

811 550 956 627 περὶ
1005 546 1346 631 Πολύβιον
1396 544 1734 625 λέγουσιν,
1781 543 1920 613 οὐδ’
1965 546 2146 621 ἅπαξ
2192 548 2519 627 ἐνίκησεν,
2557 545 2705 611 ἀλλ’
2741 549 2992 630 ἀήττη-

814 686 922 736 τος
969 665 1133 743 ἀνὴρ
1183 658 1361 726 δοκεῖ
1406 660 1832 740 διαγενέσθαι
1877 659 2061 745 μέχρι
2109 665 2503 739 Σκιπίωνος.
2572 661 2728 725 Non
2773 662 2991 725 credi-

807 778 947 840 bile
1012 786 1116 841 est
1160 776 1525 860 Polybium
1571 777 1820 841 diserte
1867 777 2120 841 dixisse
2137 827 2152 853 ,
2197 777 2600 841 Marcellum
2644 798 2994 860 nunquam

815 896 902 957 de
947 893 1333 956 Hannibale
1379 893 1732 956 victoriam
1776 893 2261 974 reportavisse;
2294 876 2699 955 Plutarchus
2722 901 2997 975 spectat

815 1010 904 1072 ad
946 1010 1119 1073 haec
1165 1007 1439 1090 Polybii
1484 1009 1726 1071 verba:
1773 1007 1936 1070 XV.
1994 1013 2148 1085 165
2199 1028 2233 1086 5
2279 1008 2356 1091 (a.
2393 1007 2572 1090 202):
2605 1006 2997 1093 (Αννίβας)

811 1127 923 1190 τὸν
989 1126 1110 1207 πρὸ
1159 1129 1270 1190 τοῦ
1323 1130 1553 1210 χρόνον
1602 1127 1918 1206 ἀήττητος
1964 1125 2090 1200 ὤν;
2138 1135 2208 1188 et
2253 1134 2455 1188 antea
2498 1124 2627 1188 IX.
2675 1146 2729 1188 e.
2779 1147 2815 1203 3
2865 1130 2896 1203 ἓ
2946 1130 2993 1188 8

812 1243 890 1326 (a.
965 1241 1112 1324 211)
1184 1239 1630 1327 Καρχηδόνιοί
1700 1264 1764 1302 τε
1827 1238 2406 1317 ἀδιαλείπτως
2473 1250 2781 1316 νικῶντες
2845 1248 2998 1317 ταῖς

817 1365 1079 1443 μάχαις.
1153 1355 1294 1421 Sed
1340 1378 1431 1420 ex
1473 1357 1554 1419 iis
1599 1357 1762 1420 satis
1807 1367 2123 1439 apparet,
2168 1357 2430 1440 proelia
2472 1358 2542 1420 in
2590 1356 2998 1439 Campania,

814 1473 1073 1555 Apulia
1088 1522 1103 1548 ,
1150 1472 1450 1537 Lucania
1466 1521 1481 1548 ,
1528 1493 1682 1536 cum
1726 1471 2058 1535 Marcello
2104 1482 2306 1555 gesta
2348 1493 2484 1536 non
2521 1473 2884 1555 diligenter
2912 1482 2998 1535 ut

819 1610 862 1652 a
906 1589 1103 1652 Livio
1150 1609 1193 1651 a
1236 1588 1527 1670 Polybio
1574 1608 1725 1651 esse
1770 1597 2075 1652 tractata.
2148 1587 2476 1652 Concedit
2511 1589 2785 1671 quidem
2805 1588 3005 1650 Han-

815 1706 1114 1769 nibalem
1176 1705 1534 1788 aliquoties
1592 1706 1661 1768 in
1718 1706 2050 1788 angustiis
2103 1704 2309 1769 fuisse
2329 1754 2343 1781 ,
2393 1707 2516 1769 sed
2561 1715 2789 1768 tamen
2835 1715 3004 1768 ante

823 1842 854 1883 2
873 1844 894 1883 1
918 1844 939 1883 1
1010 1821 1310 1884 Romani
1371 1840 1642 1902 semper
1700 1821 1896 1896 victi,
1957 1821 2173 1884 Poeni
2235 1821 2532 1884 victores
2572 1816 2632 1902 ¹).
2722 1820 2832 1883 De
2878 1821 3011 1883 illa

818 1958 990 2000 voce
1043 1939 1375 2020 ἀήττητος
1444 1914 1632 2000 inter·
1677 1937 2041 2019 scriptores
2102 1937 2464 2020 superioris
2520 1937 2763 2000 aetatis
2807 1937 3011 2019 quasi

823 2053 1164 2116 contentio
1225 2055 1563 2134 quaedam
1621 2052 1777 2127 fuit3
1839 2052 2243 2116 Plutarchus
2304 2053 2515 2116 Mare.
2581 2074 2636 2116 e.
2709 2075 2730 2114 1
2754 2075 2775 2114 1
2847 2074 3014 2115 eam

821 2170 1014 2233 reicit
1051 2168 1123 2250 ²),
1170 2169 1351 2232 idem
1395 2169 1645 2250 repetit
1688 2169 1758 2231 in
1806 2169 2115 2250 Compar.
2161 2168 2536 2251 Pelopidae
2584 2179 2654 2232 et
2685 2169 3009 2232 Marcelli

821 2306 877 2348 e.
935 2307 956 2346 1
985 2334 999 2360 ,
1047 2293 1118 2348 et
1160 2284 1369 2359 Livii,
1417 2283 1724 2347 Caesaris
1741 2333 1756 2360 ,
1800 2284 2086 2366 Nepotis
2102 2333 2119 2359 ‚
2150 2284 2364 2347 Iubae
2394 2285 2580 2367 regis
2610 2285 3006 2347 testimonio

820 2402 1095 2465 laudato
1157 2399 1447 2463 affirmat
1491 2403 1690 2480 ἥττας
1744 2405 1931 2475 τινὰς
1982 2402 2091 2465 καὶ
2142 2403 2382 2487 τροπὰς
2428 2402 2553 2466 ὑπὸ
2602 2395 3014 2482 Μαρκέλλου

822 2523 952 2584 τῶν
1006 2520 1120 2583 σύν
1173 2515 1474 2601 Ἀννίβᾳ
1523 2517 1858 2598 γενέσθαι.
1953 2517 2212 2581 Contra'
2247 2518 2589 2580 Diodorus
2635 2517 2810 2580 hanc
2856 2517 3015 2599 glo-

822 2633 992 2696 riam
1058 2631 1455 2696 Hannibali
1490 2633 1739 2696 diserte
1800 2633 2101 2697 vindicat
2140 2634 2183 2716 3)
2200 2683 2215 2709 ,
2277 2634 2642 2717 Polybium
2698 2643 3014 2708 secutus;

828 2760 897 2812 et
963 2750 1146 2813 idem
1214 2749 1410 2812 nimis
1478 2759 1751 2813 auctum
1817 2750 2071 2832 legitur
2137 2750 2206 2812 in
2273 2751 2356 2812 iis
2423 2771 2598 2833 quae
2659 2750 2857 2812 nobis
2921 2751 3018 2812 de

826 2866 1122 2930 Cornelii
1189 2875 1548 2947 supersunt
1585 2865 1647 2948 ⁴).
1715 2866 1950 2948 Nepos
2012 2887 2370 2948 perperam
2432 2868 2520 2930 ad
2580 2887 2825 2928 annum
2878 2886 3013 2945 203

826 2983 1086 3045 rettulit
1102 3030 1116 3057 ,
1162 3002 1336 3063 quae
1383 2984 1471 3044 ad
1516 3002 1764 3046 annum
1814 3002 1845 3043 2
1864 3004 1885 3043 1
1908 3004 1929 3044 1
1959 3031 1973 3057 ,
2019 2992 2348 3046 statuerat
2391 2981 2739 3065 Polybius.

918 3098 1218 3161 Primum
1262 3099 1763 3162 recensebimus
1809 3119 1983 3181 quae
2028 3108 2185 3163 ante
2237 3121 2268 3162 2
2287 3122 2308 3161 1
2332 3122 2351 3161 1
2395 3101 2578 3181 apud
2607 3099 2878 3161 Livium
2910 3099 3020 3162 illi

837 3213 1241 3277 Hannibalis
1285 3214 1470 3277 laudi
1515 3216 1787 3277 obstare
1831 3214 2160 3279 videntur.

921 3493 962 3575 ¹)
1007 3496 1112 3554 IX.
1159 3514 1194 3570 3
1236 3502 1265 3567 ξ
1307 3497 1344 3553 8
1386 3493 1465 3576 (a.
1512 3493 1653 3575 211)
1695 3493 1928 3576 (Poeni)
1969 3502 2070 3576 οὐχ
2105 3499 2259 3562 ἧττον
2296 3501 2345 3555 ἐν
2372 3502 2523 3564 ἐνίοις
2545 3508 2742 3575 καιροῖς
2765 3500 3029 3575 ἐδυσχρη-

827 3606 1043 3656 στοῦντο
1080 3608 1180 3655 τῶν
1218 3602 1620 3676 ἡττωμένων.

909 3691 962 3774 2)
1014 3698 1081 3761 ὡς
1130 3698 1250 3773 οὐχὶ
1296 3695 1421 3772 πρὸς
1464 3695 1705 3772 ἄμαχον,
1754 3691 1865 3754 οὐδ’
1909 3699 2196 3765 ἀήττητον,
2246 3697 2383 3752 ἀλλά
2419 3719 2470 3753 τι
2506 3698 2593 3752 καὶ
2632 3692 2826 3753 παθεῖν
2866 3697 3031 3753 δυνά-

826 3820 975 3873 μενον
1015 3797 1466 3871 διαγωνιζομένοις
1499 3797 1763 3871 πολέμιον.
1829 3792 1951 3850 Res
1988 3788 2140 3867 intelf
2182 3789 2565 3849 Plutarchum
2608 3799 2667 3849 et
2708 3788 3031 3868 Polybium

831 3890 910 3950 ad
953 3887 1395 3950 contentionem
1439 3889 1513 3949 de
1555 3908 1736 3963 voce,
1777 3908 1899 3949 non
1940 3889 2016 3948 de
2058 3890 2260 3962 rebus,
2303 3887 2474 3948 redit.

915 3988 964 4070 ³)
1007 3987 1186 4048 Diod.
1229 3990 1449 4048 XXIX.
1493 4007 1542 4047 c.
1597 4008 1669 4065 19
1685 4010 1703 4062 3
1747 4007 1798 4047 e.
1845 4008 1918 4046 20
1958 3987 2066 4048 bis.

914 4087 965 4169 4)
1007 4090 1415 4164 Η31111.ο.5
1471 4088 1574 4145 fin.
1617 4086 1943 4164 „quamdiu
1984 4086 2045 4145 in
2085 4084 2257 4145 Italia
2296 4085 2437 4161 fuit,
2480 4105 2659 4146 nemo
2702 4085 2755 4145 ei
2798 4085 2860 4145 in
2902 4086 3038 4148 acie

832 4185 1075 4261 restitit,
1117 4205 1295 4246 nemo
1335 4187 1623 4246 advorsus
1665 4203 1802 4244 eum
1845 4195 1979 4262 post
2006 4185 2379 4245 Cannensem
2408 4204 2673 4263 pugnam
2707 4184 2768 4244 in
2792 4186 3039 4344 Campo

836 4295 1030 4344 castra
1083 4285 1298 4361 posuit.
1381 4283 1543 4344 Hinc
1592 4285 1845 4343 invictus
1885 4283 2138 4361 patriam
2179 4284 2485 4343 defensum
2528 4294 2885 4345 revocatus,

836 4383 996 4440 Num
1039 4382 1199 4442 aliud
1241 4382 1385 4459 quid
1424 4382 1564 4462 legit
1604 4383 1995 4442 Plutarchus?
