3375 5084
1803 325 1928 380 250

764 499 1045 560 libertas
1128 499 1477 579 popularis
1556 499 1936 559 adiutorem
2017 509 2090 559 et
2163 496 2586 558 defensorem
2659 496 2958 575 aliquem

766 635 1019 696 magna
1088 625 1429 695 potestate
1490 616 1890 677 instructum
1951 614 2296 695 poposcit,
2355 633 2445 675 ne
2499 633 2796 674 summus
2839 612 2958 673 vel

764 730 1029 793 medius
1074 731 1243 792 ordo
1290 731 1541 792 civium
1588 730 2004 812 opprimeret
2047 728 2364 791 infimum.

854 843 1025 909 Cum
1074 857 1305 908 autem
1350 846 1421 907 in
1464 844 1747 908 foedere
1791 845 2104 908 Achaico
2147 846 2196 907 ii
2239 864 2524 926 quorum
2567 844 2959 905 voluntat&

762 962 1047 1024 alicuius
1114 962 1437 1024 momenti
1500 973 1730 1024 oesent
1785 963 1858 1023 in
1919 962 2274 1043 republica
2317 962 2624 1043 gerenda
2665 958 2960 1021 Aratum

764 1075 1041 1140 mirifice
1122 1078 1427 1141 colerent
1450 1126 1467 1150 ‚
1554 1078 1774 1158 ipsam
1846 1077 2346 1140 multitudinem
2419 1096 2575 1138 cum
2648 1087 2962 1156 tempore

762 1191 961 1255 Arati
1028 1203 1173 1255 tum
1240 1205 1482 1273 postea
1538 1190 2951 1274 nonsempercumiisconsensisseali-

762 1307 1029 1388 quoties
1074 1319 1379 1389 apparet.
1448 1307 1625 1369 Nam
1670 1308 2118 1370 multitudinis
2161 1327 2374 1389 opera
2415 1305 2674 1369 factum
2716 1315 2847 1378 est,
2877 1315 2961 1366 ut

762 1433 1121 1505 postquam
1184 1423 1535 1486 Mantinea
1588 1425 1657 1485 in
1711 1426 1884 1485 urbe
1931 1433 2135 1504 capta
2175 1442 2392 1484 novas
2434 1423 2635 1504 leges
2678 1421 2960 1483 easdem

760 1558 930 1619 quas
996 1537 1287 1621 Spartae
1355 1540 1641 1602 dederat
1707 1538 1995 1602 instituit
2057 1537 2461 1602 Cleomenes
2517 1537 2641 1617 (Pl.
2697 1535 2958 1599 Cleom.

760 1675 817 1717 c.
874 1676 895 1716 1
910 1655 1003 1734 4),
1048 1655 1285 1736 paullo
1328 1667 1487 1737 post
1530 1654 1674 1718 fere
1721 1665 1869 1717 tota
1913 1654 1978 1717 ei
2021 1664 2292 1736 pateret
2333 1654 2560 1716 subito
2607 1652 2951 1733 Pelopon-

760 1789 962 1831 nesus
977 1819 993 1844 ,
1074 1768 1399 1852 Caphyae
1415 1819 1431 1844 ‚
1506 1769 1792 1832 Pellene
1809 1819 1825 1844 ‚
1900 1768 2222 1831 Pheneus
2245 1818 2262 1844 ,
2336 1768 2574 1850 Argos
2590 1816 2605 1842 ‚
2681 1766 2923 1828 Phlius
2938 1815 2955 1841 ‚

762 1883 1059 1948 Cleonae
1082 1934 1098 1960 ‚
1174 1885 1556 1967 Epidaurus
1580 1934 1595 1958 ‚
1672 1884 2046 1948 Hermione
2066 1934 2082 1959 ‚
2157 1883 2444 1947 Troizen
2462 1933 2478 1958 ‚
2557 1882 2923 1948 Corinthus
2938 1930 2956 1955 ‚

759 2001 904 2064 sine
970 2001 1113 2063 ulla
1178 2002 1248 2064 vi
1262 2051 1278 2076 ,
1353 2012 1511 2077 „aut
1566 2000 1703 2064 fide
1764 2012 1882 2065 aut
1939 2012 2130 2065 metu
2199 2000 2553 2064 inductae”
2597 2001 2692 2081 (P.
2737 2000 2823 2062 IL
2872 2020 2953 2077 52

762 2123 795 2192 g
882 2138 903 2178 1
986 2117 1104 2198 sq.)
1171 2118 1260 2179 ad
1329 2138 1484 2179 eum
1545 2116 1971 2192 defecerunt;
2033 2115 2404 2199 Sicyonem
2463 2117 2626 2198 quin
2679 2126 2961 2198 caperet
2977 2091 2996 2110 “

758 2231 1104 2313 prohibuit
1156 2231 1495 2315 Antigoni
1538 2233 1900 2307 adventus;
1947 2252 2152 2294 unam
2196 2231 2672 2315 Megalopolin
2715 2230 2952 2311 paullo

761 2358 919 2411 ante
969 2349 1169 2412 amici
1213 2348 1769 2431 Philopoemenis
1813 2349 1973 2412 odio
2019 2346 2309 2431 Spartae
2353 2348 2522 2411 moti
2567 2349 2634 2411 ei
2676 2347 2954 2410 foedere

760 2463 1136 2547 adiungere
1203 2466 1583 2527 noluerunt,
1703 2463 1840 2527 Cur
1904 2465 1995 2527 ab
2061 2463 2282 2527 Arato
2351 2463 2727 2527 defecerint
2791 2463 2953 2525 illae

760 2581 966 2642 urbes
1009 2577 1332 2643 discimus
1377 2600 1420 2641 a
1465 2579 1869 2654 Plutarch03
1915 2580 1974 2642 is
2020 2580 2200 2642 enim
2246 2580 2404 2642 ideo
2449 2580 2729 2661 plebem
2750 2578 2957 2660 Argi-

760 2717 919 2759 vam
986 2716 1152 2760 mox
1172 2765 1187 2777 ,
1220 2696 1420 2760 Arati
1488 2697 1722 2760 amicis
1789 2697 2014 2759 denuo
2075 2697 2472 2760 obsecutam
2533 2716 2685 2758 esse
2753 2695 2960 2758 tradit

762 2811 1038 2893 (Cleom.
1088 2833 1143 2875 c.
1198 2813 1302 2895 20)
1347 2813 1531 2895 quod
1576 2833 1699 2893 spe
1745 2811 2064 2875 frustrata
2109 2822 2319 2887 esset;
2364 2832 2501 2874 non
2533 2812 2714 2874 enim
2744 2811 2958 2893 Argis

760 2937 836 2991 ut
904 2927 1296 2991 Mantineae
1314 2977 1329 3003 ‚
1401 2928 1630 2990 statim
1700 2927 2102 2991 Cleomenes
2161 2928 2359 3010 leges
2424 2948 2585 2990 suas
2630 2937 2702 2990 et
2746 2947 2959 2989 novas

760 3043 1030 3106 tabulas
1098 3043 1495 3106 instituerat.
1568 3081 1648 3087 —
1721 3042 2036 3125 Denique
2095 3043 2537 3105 novissimum
2591 3043 2853 3105 bellum
2899 3063 2955 3104 a.

772 3181 792 3220 1
809 3181 891 3238 49
965 3179 1120 3222 cum
1186 3160 1521 3222 Romanis
1585 3169 1859 3242 gestum
1876 3207 1891 3232 ‚
1953 3169 2172 3222 totum
2227 3158 2353 3222 fuit
2396 3159 2844 3222 multitudinis
2890 3169 2959 3222 et

759 3275 1014 3358 plebis,
1083 3286 1154 3339 et
1212 3285 1289 3338 ut
1346 3274 1493 3339 fieri
1538 3277 1607 3337 in
1653 3276 1905 3338 talibus
1949 3278 2154 3339 rebus
2200 3276 2378 3338 solet
2394 3324 2409 3350 ‚
2454 3276 2716 3357 partim-
2750 3276 2955 3337 admi-

758 3391 1090 3455 rationem
1135 3401 1368 3454 movet
1411 3391 1655 3473 ingens
1700 3391 1936 3475 magni
1964 3391 2202 3473 populi
2233 3393 2466 3466 ardor,
2492 3390 2743 3472 partim
2765 3391 2955 3453 triste

760 3506 1229 3588 spectaculum
1298 3504 1497 3570 offert
1563 3507 1860 3589 populus
1925 3506 2303 3569 inconsulte
2368 3527 2585 3589 agens
2645 3516 2717 3569 et
2760 3506 2955 3568 bonis

762 3623 1049 3686 ducibus
1110 3641 1363 3685 carens,
1457 3621 1659 3704 Quod
1714 3622 1800 3685 de
1848 3643 1931 3685 eo
1976 3623 2163 3685 bello
2207 3632 2349 3685 tam
2393 3621 2642 3704 frigide
2689 3624 2955 3685 locutus

763 3746 868 3801 est
912 3738 1271 3820 Polybius,
1316 3758 1452 3801 non
1496 3739 1717 3801 solum
1766 3739 2101 3802 amicitiae
2133 3740 2607 3802 Romanorum
2638 3739 2746 3818 (ea
2778 3739 2955 3801 enim

761 3873 896 3916 non
962 3854 1308 3935 prohibuit
1375 3855 1537 3936 quin
1609 3855 1771 3917 alibi
1840 3854 2144 3918 favorem
2206 3875 2430 3917 rerum
2496 3854 2953 3918 Achaicarum

762 3966 1210 4050 profiteretur)
1256 3970 1378 4032 sed
1422 3969 1644 4051 plebis
1692 3971 2061 4033 contemtui
2105 3971 2539 4033 tribuendum
2587 3981 2708 4034 est.

856 4081 1342 4167 Quamcunque
1412 4096 1641 4150 autem
1707 4085 1996 4149 civitatis
2053 4085 2340 4149 formam
2400 4087 2758 4150 meliorem
2805 4107 2952 4150 esse

765 4199 1106 4277 putaverit
1166 4201 1406 4281 aliquis
1423 4249 1436 4274 ‚
1500 4221 1973 4283 quamcunque
2026 4202 2376 4286 Polybius,
2401 4203 2550 4285 ipse
2596 4203 2924 4285 praetulit
2937 4250 2952 4278 ,

768 4321 1030 4375 constat
1098 4295 1371 4377 causam
1439 4315 1638 4379 Arati
1705 4336 1830 4397 per
1889 4328 1969 4380 ‘se
2022 4319 2215 4398 ‚nullo
2278 4319 2485 4382 modo
2545 4320 2955 4382 sanctiorem
