3375 5084
1796 359 1963 415 90·

746 538 888 615 περὶ
940 539 1052 606 τὰς
1102 534 1551 618 Φεβρουαρίας
1600 531 1840 609 εΐδοῦς,
1895 531 2022 608 ait,
2071 531 2392 606 ἐξέπεσον.
2475 532 2710 595 Livius
2754 534 2943 596 vide-

743 661 853 714 tur
894 649 1343 712 recentiorem
1387 649 1719 712 rationem
1764 650 2180 731 probavisse.

833 765 1077 848 Longe
1122 765 1332 848 igitur
1376 767 1575 829 abest
1619 775 1696 828 ut
1741 774 2037 828 statuam
2054 814 2068 837 ‚
2116 764 2481 847 Polybium
2527 767 2625 828 ita
2653 764 2945 828 Fabium

743 893 1051 946 secutum
1112 888 1263 946 esse
1280 931 1294 958 ‚
1356 892 1431 945 ut
1492 881 1634 945 fere
1695 903 1967 964 semper
2022 882 2166 945 eius
2213 884 2428 945 verba
2470 883 2666 945 nobis
2715 903 2940 945 serva-

744 999 921 1062 verit
971 1000 1023 1080 ').
1116 994 1369 1062 Contra
1414 999 1624 1080 longe
1670 998 2000 1061 maiorem
2046 1008 2313 1080 partem
2358 1018 2400 1060 a
2446 998 2738 1080 Polybio
2788 1019 2940 1061 esse

746 1117 1064 1179 omissam
1111 1116 1315 1178 etiam
1355 1135 1530 1196 quae
1576 1091 1949 1197 sequuntur
1991 1116 2396 1196 probabunt.

834 1233 1068 1295 Livius
1114 1233 1182 1295 in
1227 1233 1611 1296 narratione
1659 1232 2030 1294 obsidionis
2073 1231 2381 1296 Gallicae
2415 1253 2571 1295 eum
2596 1241 2946 1295 auctorem

747 1350 1076 1423 deseruit,
1139 1370 1342 1431 quern
1383 1321 1487 1412 ¹de
1546 1351 1847 1412 adventu
1895 1347 2250 1412 Gallorum
2295 1349 2688 1412 disseruisse
2736 1350 2941 1412 modo

748 1467 1036 1549 exposui
1054 1515 1069 1541 ,
1139 1467 1321 1547 quod
1390 1467 1595 1528 docet
1663 1486 1885 1547 genus
1953 1466 2299 1540 narrandi,
2369 1465 2600 1528 multis
2664 1465 2911 1528 fabulis
2929 1515 2944 1542 ,

744 1583 932 1646 nulla
993 1582 1315 1645 doctrina.
1410 1581 1663 1645 Contra
1708 1582 1823 1644 vel
1869 1591 2107 1644 auctor
2152 1581 2426 1663 quidam
2474 1602 2677 1663 quem
2725 1581 2944 1662 sequi-

697 1703 703 1709 “
746 1710 884 1774 tur,
931 1699 1045 1762 vel
1089 1698 1269 1779 ipse,
1318 1717 1556 1760 omnes
1599 1696 1867 1759 fabulas
1916 1697 2201 1780 collegit
2247 1717 2423 1779 quae
2470 1699 2558 1760 de
2603 1699 2735 1761 hoc
2777 1707 2946 1760 tem-

745 1835 912 1898 pore
971 1825 1041 1878 et
1086 1815 1173 1877 de
1219 1813 1730 1896 insequentibus
1775 1813 1978 1875 bellis
2026 1811 2306 1877 Gallicis
2354 1835 2394 1875 e
2438 1814 2644 1877 variis
2690 1814 2945 1876 annali-

744 1934 873 1994 bus
919 1931 1124 1994 etiam
1162 1929 1650 1993 recentioribus
1687 1929 2139 1993 innotuerunt.
2203 1928 2443 2011 Itaque
2483 1929 2689 1993 etiam
2713 1930 2942 2011 aliqua

746 2034 1050 2110 Fabiana
1109 2048 1197 2109 ad
1244 2067 1400 2109 eum
1447 2045 1910 2120 defluxerunt;
1959 2067 2045 2108 ea
2087 2066 2338 2127 nempe
2385 2066 2560 2127 quae
2607 2047 2813 2110 tradit
2854 2045 2942 2110 V.

751 2187 823 2243 41
882 2170 912 2241 5
964 2186 997 2243 3
1050 2174 1121 2227 et
1168 2168 1250 2241 46
1301 2169 1331 2240 5
1385 2184 1438 2225 2.
1529 2163 1841 2244 Utraque
1888 2183 1998 2225 res
2043 2164 2371 2243 adaptata
2418 2172 2523 2225 est
2568 2164 2657 2225 ad
2686 2162 2945 2225 Fabiae

748 2280 974 2363 gentis
1052 2280 1345 2362 gloriam
1413 2280 1834 2361 augendam3
1909 2280 2125 2342 altero
2193 2279 2348 2342 loco
2416 2279 2652 2342 Livius
2716 2288 2947 2343 narrat

748 2396 1045 2460 seniores
1091 2397 1159 2459 in
1206 2396 1563 2460 vestibulis
1595 2396 1865 2458 aedium
1896 2397 2164 2460 hostem
2190 2396 2666 2477 expectavisse
2679 2418 2694 2471 ;
2727 2395 2946 2459 addit:

756 2524 949 2590 „sunt
994 2514 1109 2595 qui
1155 2513 1247 2577 M.
1295 2513 1512 2576 Fabio
1558 2510 1881 2595 pontifice
1926 2513 2227 2576 maximo
2272 2508 2627 2595 praefante
2671 2532 2946 2576 carmen

748 2630 1108 2693 devovisse
1158 2650 1277 2692 eos
1323 2651 1398 2693 se
1443 2649 1569 2711 pro
1615 2629 1837 2711 patria
1884 2621 2391 2711 Quiritibusque
2436 2629 2772 2692 Romanis
2810 2637 2946 2692 tra·
3020 2713 3027 2718 ὁ

675 2831 679 2835 .
749 2747 962 2810 dant.”
1071 2746 1224 2809 Hoc
1293 2767 1552 2818 nomen,
1610 2744 1950 2828 pontificis
2017 2747 2087 2810 in
2154 2767 2228 2809 re
2300 2748 2388 2809 ab
2457 2766 2592 2808 uno
2666 2756 2945 2809 auctore

748 2863 997 2926 tradita
1015 2911 1029 2937 ‚
1074 2862 1329 2926 indicat
1374 2873 1723 2926 auctorem
1768 2862 2073 2926 Fabium.
2166 2862 2359 2925 Idem
2405 2872 2693 2944 apparet
2723 2863 2942 2926 altero

748 2980 903 3042 loco
918 3027 934 3052 ,
981 2980 1097 3041 ubi
1142 2988 1451 3042 narratur
1495 2979 1896 3043 miraculum
1942 2981 2125 3061 quod
2154 2980 2225 3042 in
2256 3000 2391 3061 qua
2415 2975 2684 3043 officina
2706 2976 2941 3041 fictum

749 3094 835 3157 sit
880 3095 1160 3157 dubium
1207 3116 1356 3158 esse
1401 3116 1538 3158 non
1582 3107 1848 3178 potest;
1897 3097 2122 3179 gentis
2167 3096 2424 3158 Fabiae
2476 3095 2947 3158 commentarii

750 3211 1106 3273 domestici
1150 3210 1300 3274 fons
1345 3210 1615 3281 fuerunt
1658 3213 1858 3275 huius
1888 3212 2163 3275 fabulae
2177 3262 2192 3289 ‚
2219 3233 2354 3294 qua
2378 3232 2573 3275 sacra
2587 3209 2948 3296 gentz'lzcz'a

748 3325 1116 3390 Fabiorum
1160 3347 1248 3390 ne
1297 3326 1563 3392 Gallico
1610 3329 1885 3412 quidem
1926 3330 2113 3392 bello
2145 3329 2520 3411 interrupta
2544 3348 2694 3391 esse
2719 3338 2945 3391 osten-

750 3444 1023 3506 deretur
1061 3442 1124 3525 2).

835 3678 880 3761 ¹)
923 3679 1105 3755 Quod
1147 3691 1346 3741 censet
1387 3679 1632 3741 Nitzsch
1672 3683 1853 3741 Rom.
1897 3683 2054 3742 Ann.
2100 3703 2159 3760 p.
2208 3699 2343 3760 273.
2866 3756 2870 3760 ι

830 3778 880 3860 2)
936 3782 1004 3839 L.
1071 3782 1137 3839 V.
1195 3784 1273 3853 46
1331 3788 1358 3852 ξ
1414 3802 1479 3839 2:
1524 3779 1888 3840 Sacrificium
1931 3791 2058 3841 erat
2103 3790 2324 3841 statum
2366 3780 2428 3841 in
2471 3781 2760 3857 Quirinali
2800 3784 2955 3844 colle

746 3879 909 3959 genti
968 3879 1205 3941 Fabiae.
1290 3881 1392 3940 Ad
1454 3879 1517 3939 id
1578 3879 1918 3941 faciendum
1977 3882 2041 3941 C.
2101 3880 2321 3942 Fabius
2380 3883 2618 3942 Dorsuo
2637 3929 2652 3957 ‚
2710 3882 2951 3944 Gabino

745 3979 945 4041 cinctu
1008 3999 1177 4040 sacra
1235 3978 1510 4040 manibus
1575 3999 1785 4059 gerens
1802 4026 1817 4054 ,
1875 4000 2012 4040 cum
2069 3981 2148 4041 de
2204 3980 2500 4059 Capitolio
2548 3981 2953 4044 descendisset

745 4101 851 4158 per
894 4079 1120 4140 medias
1162 4079 1422 4141 hostium
1467 4079 1749 4140 stationes
1792 4100 2059 4159 egressus
2085 4080 2228 4141 nihil
2255 4083 2332 4142 ad
2361 4102 2572 4143 vocem
2599 4082 2951 4160 cuiusquam

747 4189 1107 4240 terroremve
1162 4190 1358 4240 motus
1413 4179 1473 4238 in
1516 4178 1884 4253 Quirinalem
1927 4182 2138 4257 collem
2180 4181 2479 4259 pervenitg
2523 4181 2722 4260 ibique
2760 4183 2952 4243 omni-

745 4279 857 4338 bus
931 4279 1287 4340 sollemniter
1348 4277 1603 4357 peractis
1666 4279 1878 4338 eadem
1941 4291 2240 4340 revertens
2256 4327 2270 4356 ,
2329 4280 2592 4341 similiter
2651 4283 2953 4343 constanti

746 4378 914 4437 vult-u
969 4379 1274 4457 graduque
1330 4378 1469 4464 satis
1526 4397 1767 4455 sperans
1809 4379 2098 4457 propitios
2140 4400 2267 4441 esse
2309 4382 2454 4442 deos
2470 4428 2486 4457 ,
2530 4401 2784 4458 quorum
2826 4384 2953 4443 cul-
