3375 5084
1831 282 1954 339 232

802 450 1071 514 Deinde
1120 454 1303 534 quod
1351 454 1555 515 etiam
1602 454 1825 536 magis
1869 455 2056 517 valet
2072 503 2086 528 ‚
2133 454 2495 536 garrulitas
2540 455 2877 536 quaedam
2925 456 2988 517 ei

800 568 1032 630 nocuit
1049 616 1064 643 ,
1124 588 1372 650 nempe
1434 570 1590 632 ideo
1656 570 1985 652 Polybius
2040 571 2526 633 dissensionem
2573 571 2764 652 quasi
2809 572 2987 633 ultro

801 684 985 747 elicit
1001 733 1016 759 ‚
1081 685 1265 765 quod
1324 665 1554 749 multis
1608 689 1811 749 rebus
1854 688 2142 750 narratis
2185 687 2453 770 prolixe
2500 687 2782 769 apponit
2826 687 2991 769 quid

801 800 888 860 de
950 799 1030 861 iis
1092 799 1525 863 iudicandum
1587 822 1739 864 esse
1794 802 1924 864 sibi
1970 802 2283 864 videatur
2299 851 2313 877 ‚
2362 803 2544 884 quod
2588 819 2724 863 non
2769 803 2991 863 solum

800 902 1023 976 rerum
1069 916 1528 998 cognitionem
1547 965 1561 992 ,
1609 919 1732 979 sed
1779 918 1984 981 etiam
2016 928 2274 981 certum
2305 920 2646 999 quoddam
2675 919 2761 980 de
2786 919 2992 979 rebus

799 1030 1119 1093 iudicium
1165 1030 1517 1094 ferendum
1548 1031 1791 1096 lectori
1821 1033 2288 1114 praescribere
2318 1042 2388 1095 et
2409 1033 2700 1114 probare
2725 1032 2903 1095 solet
2930 1029 2991 1113 l).

804 1144 1097 1208 Omnino
1144 1146 1242 1208 eis
1286 1146 1513 1228 longis
1558 1148 1985 1211 sermonibus
2031 1148 2275 1230 quibus
2319 1146 2524 1210 fidem
2570 1168 2760 1210 suam
2807 1148 2994 1229 apud

799 1261 1126 1324 lectorem
1196 1261 1592 1325 confirmare
1660 1264 1916 1327 studuit
1978 1264 2307 1346 Polybius
2323 1313 2337 1339 ‚
2401 1264 2737 1327 interdum
2797 1263 2896 1325 ita
2955 1283 2997 1324 a

800 1378 1148 1459 proposito
1206 1380 1546 1443 aberravit
1562 1428 1577 1452 ,
1624 1389 1701 1443 ut
1747 1379 1993 1442 fuerint
2038 1380 2153 1462 qui
2198 1381 2267 1448 in
2315 1380 2722 1443 contrarium
2771 1379 2996 1442 consi-

799 1493 965 1555 lium
1035 1494 1115 1556 iis
1183 1504 1533 1558 uterentur
1548 1544 1563 1568 ,
1627 1505 1721 1558 et·
1760 1517 1799 1558 e
1861 1516 2201 1581 sermone
2235 1496 2463 1578 aliquo
2525 1496 2743 1557 minus
2792 1505 2996 1558 caute

802 1610 916 1671 vel
981 1608 1348 1680 efficaciter
1401 1599 1654 1693 scripto
1671 1661 1685 1687 ‚
1745 1633 1882 1674 non
1928 1632 2020 1674 ex
2064 1612 2227 1693 ipsis
2271 1613 2477 1674 rebus
2524 1613 2613 1673 ad
2658 1612 2821 1674 artis
2868 1612 2999 1674 cri-

803 1725 983 1787 ticae
1057 1746 1363 1788 normam
1438 1728 1700 1790 exactis
1721 1776 1738 1800 ,
1817 1728 1961 1790 eius
2038 1726 2244 1790 fidem
2313 1737 2699 1809 suspectam
2768 1726 3001 1789 facere

806 1850 1213 1904 conarentur
1251 1842 1294 1923 2)
1312 1891 1325 1917 ,
1391 1863 1566 1924 quae
1625 1844 1797 1906 ratio
1851 1843 2070 1906 minus
2114 1844 2470 1925 probanda
2515 1863 2666 1906 esse
2711 1843 3001 1905 videtur.

822 2064 1181 2071 ————..

802 2227 892 2278 tot
947 2237 1114 2278 acres
1169 2218 1477 2295 appositae
1531 2218 1764 2297 vigiliae
1779 2265 1794 2293 ,
1839 2238 2015 2298 saepe
2058 2218 2298 2280 auribus
2340 2218 2561 2297 aliquid
2604 2220 2777 2291 dare,
2825 2239 3008 2298 saepe

805 2316 1028 2396 gratiae
1048 2362 1063 2391 ,
1120 2335 1297 2394 saepe
1352 2316 1552 2378 animo
1600 2317 1881 2390 memori,
1926 2338 2103 2396 saepe
2146 2317 2595 2379 dissimulationi
2638 2328 2817 2395 atque
2860 2318 3008 2378 taci-

805 2415 1074 2475 turnitati
1117 2418 1397 2494 cogeret''
1415 2463 1429 2492 ,
1473 2426 1532 2476 et
1574 2438 1615 2495 p
1680 2420 1795 2493 766
1840 2436 2033 2494 „quae
2073 2417 2135 2476 in
2176 2416 2464 2478 Romanis
2506 2427 2715 2478 notare
2741 2417 3009 2487 simulat,

806 2525 943 2575 sunt
1007 2534 1077 2574 ea
1133 2515 1390 2592 primum
1446 2535 1639 2593 pauca
1693 2536 1943 2576 numero
1961 2562 1976 2590 ,
2030 2526 2158 2576 tum
2200 2518 2279 2576 ad
2319 2518 2522 2576 fucum
2563 2515 2887 2577 lectoribus
2929 2518 3011 2575 fa-

806 2613 1087 2675 ciendum
1105 2661 1120 2686 ‚
1185 2623 1672 2691 caeterarumque
1726 2615 1969 2675 laudum
2028 2614 2483 2693 praedicationi,
2529 2636 2714 2692 quum
2755 2616 3010 2675 modum

806 2714 1093 2774 excedere
1149 2713 1452 2782 videatur,
1511 2714 1692 2774 fidem
1734 2724 1903 2774 tanto
1945 2713 2170 2774 facilius
2210 2713 2544 2779 faciendam
2584 2717 3011 2791 comparata”;

804 2817 998 2872 Lucas
1061 2812 1287 2894 (Ueber
1348 2811 1647 2890 Polybius’
1711 2814 2091 2891 Darstellung
2146 2813 2251 2872 des
2305 2812 2686 2873 Aetolischen
2747 2815 3010 2874 Bundes.

807 2911 1188 2989 Konigsberg
1237 2911 1433 2992 1827).
1498 2911 1883 2971 Brandstater
1926 2910 2047 2991 (die
2076 2910 2475 2971 Geschichten
2500 2912 2605 2971 des
2626 2912 3015 2973 Aetolischen

806 3011 1040 3070 Laudes
1081 3011 1302 3071 Volkes
1345 3010 1470 3068 und
1512 3010 1768 3070 BundeS.
1813 3010 2006 3070 Berol.
2057 3009 2252 3092 1844).

903 3108 942 3190 ¹)
1005 3110 1127 3169 Cfr.
1192 3108 1371 3168 etiam
1434 3127 1590 3186 spec.
1648 3108 1759 3168 litt.
1817 3130 1872 3168 v.
1933 3108 1993 3168 d.
2050 3111 2137 3169 M.
2196 3110 2272 3169 de
2313 3109 2516 3183 VrieS,
2560 3109 2636 3169 de
2678 3109 2834 3170 Hist.
2881 3112 3012 3171 Pol.

812 3210 1111 3286 Pragmat.
1171 3208 1337 3268 Leid.
1390 3209 1541 3284 1843
1560 3253 1575 3282 ,
1620 3206 1721 3284 qui
1763 3227 1902 3266 cum
1943 3207 2087 3267 nihil
2128 3208 2204 3268 de
2245 3206 2476 3285 Polybii
2516 3207 2634 3268 fide
2675 3208 2768 3267 vel
2809 3207 3017 3268 iudicii

812 3307 1112 3384 aequitate
1181 3308 1404 3368 addere
1475 3306 1774 3367 statuisset
1791 3353 1806 3381 ,
1876 3306 2169 3368 eiusmodi
2231 3326 2513 3367 excursus
2573 3306 2984 3386 pragmaticos
3000 3353 3013 3380 ,

813 3426 1068 3484 quorum
1131 3406 1419 3466 rationem
1482 3405 1679 3484 priore
1740 3415 1911 3484 parte
1973 3426 2006 3466 e
2061 3406 2310 3484 Polybio
2367 3416 2723 3484 exposuerat
2738 3451 2753 3480 ,
2797 3425 3017 3483 parum

809 3505 1132 3567 lectoribus
1192 3504 1363 3565 utiles
1424 3515 1485 3565 et
1546 3506 1624 3565 ab
1679 3515 1807 3565 arte
1863 3504 2128 3566 historici
2182 3504 2403 3565 alienos
2459 3524 2586 3565 esse
2636 3504 2898 3565 ostendit
2955 3525 3013 3582 p.

819 3627 844 3665 1
861 3608 1153 3681 16—147.

896 3703 947 3786 2)
988 3704 1085 3764 Sic
1126 3723 1265 3763 cum
1308 3701 1671 3764 describeret
1712 3722 1902 3781 remp.
1945 3705 2122 3764 Rom.
2169 3702 2332 3780 quod
2367 3702 2534 3762 brevi
2563 3704 2764 3780 facere,
2786 3702 3017 3777 debuit,

813 3824 906 3865 res
967 3802 1318 3881 praecipuas
1380 3811 1613 3861 tantum
1671 3811 1920 3879 tangens
1937 3848 1951 3876 ‚
2008 3785 2366 3878 praecavere
2423 3800 2649 3860 studuit
2690 3820 2728 3859 a
2770 3800 3018 3860 crimine

813 3901 1219 3981 neglegentiae
1261 3911 1321 3961 et
1363 3900 1491 3982 (VI.
1537 3921 1589 3961 e.
1642 3921 1667 3959 1
1682 3900 1769 3983 12)
1810 3900 2037 3978 prolixe
2080 3900 2313 3960 disserit
2355 3900 2431 3959 de
2473 3901 2648 3960 rebus
2690 3898 2817 3958 aliis
2864 3919 3018 3976 quas

817 4001 1088 4062 consulto
1144 3999 1303 4081 (κατὰ
1359 3999 1552 4083 κρίσιν)
1609 4011 1667 4059 et
1708 4003 1869 4062 bona
1910 3999 2064 4068 fide,
2110 3998 2245 4075 aliis*
2278 4018 2425 4075 quas
2465 3997 2836 4076 neglegentia
2876 3996 3017 4078 (κατ’

818 4099 1061 4183 ἄγνοιαν)
1106 4099 1322 4160 omittit
1364 4098 1648 4178 scriptor,
1692 4100 1822 4178 (cfr.
1865 4100 1999 4158 XV.
2043 4118 2096 4157 c.
2142 4099 2216 4175 36
2260 4105 2287 4170 ς
2332 4119 2367 4174 9
2411 4117 2530 4174 sq.;
2572 4099 2796 4157 XXIX.
2840 4116 2894 4156 c.
2928 4101 3015 4171 6²3

823 4202 912 4258 111
974 4221 1026 4260 e.
1075 4216 1146 4278 57
1193 4208 1220 4272 ξ
1267 4217 1296 4276 7
1343 4199 1486 4282 sq.);
1531 4219 1684 4275 quae
1726 4217 1802 4257 ne
1842 4198 1920 4258 ab
1962 4196 2163 4274 iniquo
2206 4195 2402 4256 iudice
2429 4205 2842 4273 permutentur
2862 4206 3018 4256 orat.

820 4299 913 4358 Ex
954 4297 1043 4358 his
1059 4345 1074 4374 ,
1117 4298 1307 4374 aiunt,
1351 4300 1578 4359 clarum
1619 4307 1709 4358 est
1749 4296 2065 4375 Polybium
2108 4295 2222 4357 sibi*
2259 4294 2496 4374 copiam
2524 4295 2845 4356 servavisse
2872 4315 3016 4357 con-
