3375 5084
1440 361 1561 421 Ῑ59

400 538 641 600 hibere
717 544 967 618 posset.
1083 532 1226 599 Sed
1305 535 1544 615 ephori
1620 543 1692 597 et
1763 532 2135 615 Ampharis
2204 536 2408 609 socii,
2479 537 2594 617 qui

399 663 606 717 antea
666 652 973 736 Agidem
1034 650 1513 715 interfecerant
1530 700 1544 726 ,
1600 651 1807 713 etiam
1852 651 1921 713 in
1966 652 2134 714 urbe
2181 653 2356 714 adeo
2400 672 2594 734 prae-

406 770 736 832 valebant
752 816 767 844 ,
830 777 904 831 ut
966 766 1333 831 Cleomene
1390 767 1604 829 invito
1660 765 2153 829 Archidamum
2199 767 2596 830 redeuntem

401 885 661 948 insidiis
706 885 961 967 paratis
1006 883 1414 965 intercipere
1460 884 1789 946 auderent
1837 881 1889 964 ¹).
1958 882 2183 946 Etiam
2227 883 2360 947 hac
2391 884 2460 945 in
2490 903 2564 946 re
2580 932 2594 957 ,

398 1011 479 1065 ut
520 1002 590 1064 in
636 1002 1009 1083 superiore,
1044 999 1418 1083 Phylarchi
1446 999 1903 1062 narrationem
1936 1019 2171 1061 veram
2196 1020 2347 1062 esse
2373 1000 2596 1063 credo.

402 1117 687 1182 Constat
756 1117 1197 1182 Cleomenem
1264 1117 1523 1180 socium
1592 1116 1791 1199 regni
1851 1116 2265 1196 quaesivisse
2283 1165 2297 1191 ,
2361 1115 2596 1197 paullo

399 1244 562 1317 post
608 1235 788 1298 enim
832 1233 1110 1298 fratrem
1142 1253 1339 1297 suum
1369 1233 1751 1297 Euclidan
1734 1253 1805 1295 1n
1825 1252 2115 1315 regnum
2140 1232 2513 1313 adsumpsit
2535 1230 2597 1313 ²);

402 1360 476 1414 et
542 1359 687 1455 tum
753 1360 912 1432 post
979 1349 1402 1413 Mantineam
1464 1350 1553 1412 ab
1616 1348 1836 1412 Arato
1903 1358 2174 1430 captam
2232 1347 2602 1451 adversarii

404 1466 587 1542 eiuS,
650 1466 978 1530 maiorem
1040 1467 1223 1549 apud
1287 1466 1473 1529 cives
1535 1465 2012 1528 auctoritatem
2062 1464 2279 1539 nacti,
2325 1484 2368 1526 a
2412 1464 2599 1526 bello

400 1582 677 1665 longius
752 1583 1064 1646 ducendo
1134 1602 1291 1645 eum
1351 1600 1584 1644 arcere
1647 1580 2100 1656 conabantur,
2162 1580 2392 1661 itaque
2435 1599 2600 1642 nun-

400 1718 608 1780 quam
669 1698 1143 1762 vehementius
1205 1718 1457 1781 cupere
1523 1697 1760 1761 debuit
1821 1696 2226 1761 Cleomenes
2242 1745 2257 1772 ,
2312 1716 2603 1779 regnum

406 1834 604 1876 suum
650 1814 867 1878 altero
914 1835 1085 1898 rege
1131 1815 1494 1896 adsumpto
1542 1823 1780 1878 contra
1826 1833 1945 1876 eos
1990 1811 2276 1898 firmare.
2339 1812 2438 1875 Ut
2467 1812 2599 1876 hoc

404 1931 586 1994 enim
647 1932 1017 1994 admodum
1081 1912 1408 1995 credibile
1476 1940 1580 1994 est
1596 1980 1610 2006 ,
1668 1930 1767 1994 sic
1823 1929 2099 2012 Polybii
2143 1929 2440 1992 narratio
2485 1948 2603 2010 pa-

401 2068 553 2110 rum
621 2048 1007 2111 verisimilis
1022 2096 1038 2123 ,
1107 2048 1301 2129 quasi
1369 2046 1831 2112 Archidamus
1901 2047 2044 2110 sine
2109 2067 2318 2110 causa
2378 2047 2602 2109 eidem

402 2165 617 2227 vitam
679 2184 871 2227 suam
933 2162 1273 2227 confidere
1332 2165 1678 2228 statuisset
1699 2213 1714 2240 ,
1773 2184 1978 2245 quem
2022 2163 2259 2245 paullo
2305 2173 2463 2226 ante
2512 2163 2601 2225 ob

406 2281 762 2343 avaritiam
810 2290 880 2344 et
925 2258 1398 2344 crudelitatem
1446 2279 1827 2364 effugisset3
1876 2281 2060 2363 quod
2090 2281 2236 2362 ipse
2267 2279 2600 2361 Polybius

406 2405 731 2479 tanquam
801 2416 1104 2476 summae
1173 2396 1662 2460 inconstantiae
1737 2406 1807 2459 et
1867 2396 2194 2459 stultitiae
2257 2395 2604 2477 specimen

404 2513 685 2576 miratur
728 2510 788 2594 ³).
881 2511 1140 2576 Aratus
1207 2512 1407 2575 huius
1476 2513 1577 2575 rei
1637 2512 1931 2594 Polybio
1979 2522 2217 2576 auctor
2260 2532 2396 2575 non
2441 2511 2600 2593 fuit,

405 2648 566 2691 nam
634 2629 721 2691 de
791 2626 959 2712 fuga
1028 2627 1412 2692 Cleomenis
1480 2629 1549 2691 in
1615 2627 2025 2711 Aegyptum
2093 2626 2274 2691 facta
2294 2676 2308 2702 ,
2378 2629 2601 2708 deque

408 2743 757 2827 Nicagora
832 2744 942 2808 hic
1018 2743 1186 2806 nihil
1262 2744 1565 2826 scripsit3
1634 2744 1861 2825 potius
1931 2744 2137 2806 credo
2155 2791 2169 2818 ‚
2238 2742 2605 2824 Polybium

409 2859 608 2922 nimis
670 2859 1022 2922 credulum
1082 2857 1305 2922 famae
1367 2880 1542 2941 quae
1588 2859 1764 2922 inter
1807 2858 2131 2922 Achaeos
2177 2868 2246 2921 et
2290 2857 2604 2921 Arcades

407 2975 782 3051 ferebatur,
831 2996 1010 3058 quae
1056 2976 1384 3059 quidquid
1427 2976 1591 3039 mali
1630 2974 1924 3058 Spartae
1957 2977 2389 3040 commissum
2421 2985 2603 3038 esset

412 3092 765 3157 Cleomeni
809 3093 1167 3169 tribueret,
1214 3091 1420 3157 fidem
1465 3093 1786 3156 habuisse
1834 3094 1922 3156 de
1968 3093 2370 3156 crudelitate
2415 3092 2601 3176 regis

411 3209 797 3274 Cleomenis
813 3258 828 3285 ,
914 3210 1033 3291 qui
1116 3229 1345 3273 rumor
1428 3219 1849 3291 quantopere
1938 3209 2230 3274 creverit
2312 3209 2607 3272 ostendit

409 3326 785 3389 Pausanias
824 3325 902 3408 ⁴);
971 3326 1028 3389 is
1106 3326 1285 3389 enim
1345 3327 1578 3390 uxoris
1637 3346 1803 3389 suae
1869 3326 2349 3390 dilectissimae
2394 3324 2608 3389 filium

412 3464 571 3506 eum
614 3443 970 3506 necavisse
1016 3443 1239 3506 tradit.

507 3557 628 3621 III.
737 3558 1071 3640 Polybius
1144 3558 1350 3621 tradit
1423 3557 1896 3621 Ptolemaeum
1970 3559 2327 3640 pecuniam
2403 3577 2605 3639 quam

416 3674 721 3738 Achaeis
783 3675 1055 3739 mittere
1115 3674 1382 3738 solebat
1443 3674 1605 3755 quin
1658 3674 1950 3757 amplius
1995 3675 2295 3738 solveret
2338 3693 2605 3737 recusa-

506 3988 547 4069 ¹)
588 3991 707 4066 Ap.
752 3989 905 4049 Plut.
952 3989 1178 4049 Cleom.
1223 4008 1274 4048 e.
1322 4005 1375 4066 5.

495 4086 547 4169 2)
588 4089 743 4148 Plut.
787 4088 1012 4148 Cleom.
1055 4108 1109 4148 c.
1160 4108 1252 4148 11.
1335 4089 1477 4148 Hoc
1526 4086 1948 4148 animadvertit
1989 4089 2204 4146 Manso
2249 4086 2461 4163 Sparta
2502 4087 2607 4145 IV.

457 4232 471 4246 .
523 4206 549 4245 1
641 4233 654 4246 .

409 4207 453 4264 p
502 4191 657 4366 3)316).
700 4287 866 4345 VIII.
917 4287 984 4344 1b
1024 4293 1053 4358 ξ
1098 4286 1273 4362 3-6.

499 4382 550 4463 4)
590 4386 747 4445 Paus
788 4387 864 4445 II.
908 4404 945 4462 9
988 4392 1016 4457 ξ
1064 4404 1116 4443 1.
