3375 5084
1471 324 1551 399 67

418 514 580 594 quin
649 514 855 575 etiam
923 512 1066 575 fere
1136 512 1303 575 nihil
1355 514 1546 584 >inter
1615 533 1736 575 eos
1804 514 2137 576 convenit.
2227 514 2415 577 Inter
2479 514 2604 576 hos

417 629 629 710 igitur
687 629 982 710 Polybio
1039 626 1243 710 optio'
1272 627 1585 691 facienda
1632 639 1795 691 erat.
1886 628 2125 710 Itaque
2173 649 2327 691 eam
2372 630 2606 712 legem

424 755 696 807 secutus
768 764 972 827 quam
1040 744 1110 806 in
1172 743 1502 807 eiusmodi
1564 745 1767 806 rebus
1821 744 1949 807 sibi
1992 756 2441 825 proposuerat
2456 794 2470 820 ,
2519 766 2610 808 ex

419 861 584 942 ipsis
652 862 857 923 rebus
925 860 1189 923 traditis
1257 860 1585 944 indagare
1647 861 1904 924 studuit
1963 881 2123 923 num
2184 882 2391 925 verae
2456 883 2607 924 esse

418 986 717 1058 possent.
820 977 1037 1058 Atqui
1097 977 1229 1040 hae
1289 997 1400 1039 res
1461 976 1717 1040 fraudis
1777 987 2009 1040 notam
2069 996 2236 1058 prae
2297 999 2372 1040 se
2433 977 2609 1040 ferre

420 1094 861 1156 videbantur:

513 1209 768 1272 Milites
828 1209 1239 1273 Hamilcaris
1298 1210 1415 1292 qui
1469 1209 1824 1272 Heirctam
1869 1210 2194 1273 tenebant
2213 1258 2227 1284 ,
2273 1218 2430 1291 post
2473 1210 2610 1273 vic-

360 1346 364 1351 ’
416 1325 660 1388 toriam
736 1325 991 1389 Lutatii
1068 1313 1442 1388 decessisse
1520 1326 1897 1389 tradiderat
1964 1324 2217 1387 Fabius
2278 1324 2313 1406 ¹)
2380 1324 2609 1388 fractis

416 1442 653 1504 animis
716 1451 786 1505 et
849 1442 1246 1524 corporibus
1310 1453 1678 1505 enervatos
1745 1441 2263 1524 (ἀδυνατοῦντας
2329 1447 2439 1506 καὶ
2494 1468 2612 1507 πε-

415 1557 888 1641 ρικακοῦντας).
1000 1556 1281 1623 Sciebat
1368 1559 1701 1641 Polybius
1781 1561 2058 1622 eosdem
2142 1560 2297 1622 illos
2366 1560 2614 1623 milites

414 1675 911 1756 stipendiarioS,
977 1695 1130 1737 cum
1194 1675 1429 1757 paullo
1493 1686 1650 1757 post
1713 1676 1783 1737 in
1845 1675 2151 1739 Africam
2211 1687 2438 1739 essent
2482 1685 2613 1739 tra-

416 1791 626 1866 ducti,
672 1792 932 1854 bellum
978 1792 1358 1873 suscepisse
1407 1812 1543 1873 quo
1590 1792 1845 1854 Poenis
1894 1792 2300 1875 gravissima
2328 1793 2611 1875 negotia

419 1907 824 1971 exhiberent
892 1918 962 1970 et
1032 1908 1429 1990 Carthagini
1501 1908 1707 1970 etiam
1777 1909 2121 1972 interitum
2183 1910 2610 1972 minarentur.

421 2023 793 2085 Praeterea
840 2028 1263 2106 cognoverat
1306 2024 1721 2088 Hamilcaris
1765 2045 2093 2107 magnum
2139 2025 2434 2088 animum
2448 2074 2462 2100 ,
2502 2025 2618 2107 qui

423 2140 630 2202 etiam
690 2150 849 2220 post
908 2139 1164 2202 Lutatii
1223 2140 1580 2204 victoriam
1638 2141 1707 2203 in
1751 2141 1940 2203 bello
1986 2161 2430 2223 perseverare
2477 2141 2615 2204 ani-

402 2272 605 2317 ‘mam
669 2256 1044 2318 induxisset
1106 2257 1299 2340 (Phil.
1365 2277 1474 2338 ap.
1538 2257 1743 2320 Diod.
1790 2256 2070 2338 XXIII)
2086 2306 2101 2332 ‚
2148 2277 2616 2340 summamque

418 2371 724 2434 eiusdem
783 2373 881 2434 rei
943 2372 1250 2435 militaris
1318 2372 1635 2454 peritiam
1697 2393 1831 2453 qua
1877 2374 1948 2435 in
1991 2373 2275 2436 Heircta
2319 2374 2617 2436 inclusus

420 2497 494 2549 et
553 2488 856 2568 quotidie
915 2488 1256 2571 utrimque
1304 2509 1346 2549 a
1392 2487 1729 2550 Romanis
1775 2489 2129 2551 lacessitus
2175 2510 2250 2551 se
2296 2488 2615 2551 defendit.

421 2601 577 2665 Hae
638 2623 747 2665 res
809 2603 983 2666 tales
1045 2615 1238 2667 erant
1293 2614 1370 2668 ut
1414 2604 1607 2685 ipsae
1653 2602 1852 2667 Fabii
1896 2604 2216 2667 iudicium
2263 2604 2615 2667 diluerent.

517 2719 806 2783 Causam
851 2721 1021 2783 belli
1052 2721 1291 2783 Punici
1324 2720 1603 2784 secundi
1635 2720 1843 2783 fuisse
1876 2721 2245 2784 tradiderat
2275 2720 2529 2784 Fabius
2552 2721 2613 2801 ²),

423 2846 698 2917 praeter
809 2836 1119 2901 iniuriam
1221 2835 1620 2919 Saguntinis
1711 2836 1972 2899 illatam
1997 2885 2011 2911 ,
2103 2836 2457 2900 avaritiam
2548 2846 2619 2898 et

425 2952 802 3033 imperandi
875 2953 1260 3034 cupidinem
1329 2952 1782 3016 Hasdrubalis
1800 3001 1814 3027 ,
1876 2953 1993 3035 qui
2055 2954 2349 3016 omnium
2410 2954 2620 3015 bono-

423 3088 575 3131 rum
645 3080 715 3132 et
783 3080 1057 3132 senatus
1128 3070 1533 3133 auctoritate
1606 3078 1838 3150 spreta
1904 3069 2197 3150 primum
2255 3070 2325 3132 in
2384 3068 2621 3133 Africa

423 3205 647 3247 rerum
719 3186 924 3267 potiri
998 3196 1280 3250 conatus
1351 3196 1533 3249 esset
1548 3235 1563 3261 ,
1636 3205 1803 3248 mox
1868 3185 1938 3247 in
2006 3184 2338 3265 Hispania
2405 3206 2516 3249 res
2580 3206 2619 3248 e

423 3301 702 3364 libidine
765 3322 887 3364 sua
949 3302 1484 3365 administrasset
1502 3351 1517 3377 ‚
1566 3311 1637 3365 et
1681 3301 2144 3367 Hannibalem
2189 3302 2621 3382 procacitatis

427 3436 591 3479 suae
637 3417 1006 3480 haeredem
1051 3419 1457 3499 reliquisset.
1525 3418 1701 3480 Eum
1748 3428 1979 3480 autem
2024 3416 2285 3480 bellum
2326 3417 2618 3480 movisse

434 3534 701 3596 dixerat
718 3583 732 3609 ,
801 3535 989 3596 nullo
1064 3536 1247 3597 bono
1305 3536 1641 3616 probante
1707 3535 1853 3597 eius
1899 3535 2196 3598 consilia.
2285 3532 2396 3596 De
2446 3531 2620 3595 Has-

437 3649 723 3712 drubale
769 3651 1094 3732 numquid
1139 3651 1285 3713 veri
1314 3651 1667 3715 tradiderit
1696 3649 1948 3713 Fabius
1973 3649 2145 3712 infra
2168 3668 2621 3730 exponemu53

434 3765 765 3847 Polybius
849 3766 1018 3829 illud
1101 3768 1188 3829 de
1268 3767 1656 3830 Hannibale
1742 3768 2094 3830 evidenter
2159 3765 2403 3828 falsum
2473 3784 2626 3827 esse

444 3882 829 3957 contendit;
907 3882 1138 3964 quidni
1214 3882 1393 3946 enim
1471 3883 2066 3965 Carthaginienses
2089 3931 2103 3957 ,
2191 3882 2248 3945 si
2318 3880 2626 3944 omnibus

443 3997 727 4060 infestus
795 4009 941 4061 erat
958 4048 972 4073 ,
1037 4019 1191 4062 eum
1254 3998 1673 4062 tradiderunt
1707 4020 1889 4062 >cum
1944 3998 2368 4080 postularent
2413 3996 2626 4078 legati

530 4260 567 4339 ¹)
609 4260 672 4318 P.
718 4262 763 4318 I.
813 4262 886 4335 58
930 4268 956 4330 ,ξ
1003 4277 1056 4336 5.

515 4358 564 4440 2)
608 4361 669 4416 P.
714 4361 821 4416 III.
868 4379 918 4417 c.
966 4361 1002 4417 8
1045 4378 1129 4433 sq.
