3375 5084
1867 320 1998 395 236

838 510 1211 572 illustretur
1226 558 1242 584 ‚
1304 511 1597 591 denique
1657 521 1733 572 ut
1793 511 2085 591 pretium
2131 512 2315 590 quod
2360 530 2514 572 cum
2560 510 2709 571 aliis
2755 528 3028 588 compa-

841 636 1029 689 ratae
1100 627 1344 706 cuique
1413 627 1511 688 rei
1571 627 2055 708 assignandum
2114 627 2201 689 sit
2215 675 2230 701 ‚
2261 600 2636 688 ⁶vinculum
2691 644 2828 706 quo
2876 645 3030 687 cum

837 741 986 803 aliis
1052 741 1501 823 coniungatur
1545 761 1637 804 ex
1681 742 1831 823 ipsa
1875 741 2258 803 narratione
2303 740 2596 822 perspici
2641 740 2858 821 possit
2874 788 2888 814 ,
2935 739 3032 802 ita

839 867 916 920 ut
958 877 1068 919 res
1112 876 1238 938 pro
1284 877 1357 919 se
1410 858 1598 938 ipsae
1644 857 1833 938 loqui
1878 857 2099 939 magis
2144 877 2349 937 quam
2393 876 2436 919 a
2480 856 2809 937 scriptore
2856 855 3029 917 iudi-

836 973 973 1036 cari
1035 973 1392 1035 videantur
1407 1022 1421 1048 ‚
1476 993 1611 1055 quo
1672 973 1904 1036 nescio
1967 993 2052 1035 an
2111 993 2205 1035 ex
2248 972 2539 1053 antiquis
2585 972 3030 1053 Thycidydes

834 1088 1090 1170 optime
1157 1087 1426 1151 functus
1495 1089 1582 1152 sit
1597 1137 1612 1163 ‚
1680 1090 1745 1152 h.
1816 1089 1857 1152 1.
1926 1089 2234 1171 pluribus
2294 1108 2430 1151 non
2475 1088 2772 1170 agimus;
2821 1087 3030 1168 Poly-

832 1204 984 1267 bius
1055 1224 1208 1267 eam
1276 1205 1606 1268 rationem
1666 1224 1804 1267 non
1862 1205 2078 1268 tenuit
2094 1254 2109 1280 ‚
2177 1224 2314 1266 non
2372 1204 2527 1266 ideo
2574 1204 2795 1266 solum
2841 1203 3030 1284 quod

829 1340 1053 1382 rerum
1099 1340 1272 1401 quas
1319 1320 1642 1384 describit
1686 1321 1834 1402 ipse
1880 1340 2038 1402 pars
2084 1339 2340 1402 magna
2382 1318 2585 1382 fuerit
2601 1369 2616 1395 ‚
2663 1320 2786 1381 sed
2831 1339 3030 1401 prae-

734 1482 741 1488 ·
826 1437 1058 1499 sertim
1105 1437 1289 1517 quod
1332 1437 1422 1499 ab
1470 1436 1616 1498 eius
1660 1437 1938 1518 ingenio
1984 1437 2073 1499 ad
2119 1436 2503 1498 docendum
2549 1454 2893 1516 propenso
2942 1455 3030 1496 ea

826 1553 998 1615 ratio
1046 1552 1456 1615 alienissima
1500 1563 1664 1616 erat.
1739 1550 1882 1616 Sed
1925 1554 2057 1615 hoc
2103 1553 2511 1615 monendum
2542 1551 2708 1613 mihi
2737 1551 3028 1625 videt-ur,

826 1668 1173 1731 veteribus
1233 1688 1459 1731 rerum
1517 1668 1960 1750 scriptoribus
2013 1667 2158 1731 fere
2202 1668 2585 1749 legitimum
2632 1676 2703 1729 et
2746 1686 3028 1729 conces-

825 1804 976 1847 sum
1032 1767 1238 1847 fuisse
1301 1795 1378 1848 ut
1440 1804 1636 1847 suam
1697 1784 1989 1866 patriam
2032 1782 2269 1847 favore
2313 1784 2610 1865 quodam
2655 1783 3030 1864 amplecte-

826 1909 1059 1963 rentur
1103 1896 1175 1982 ¹),
1240 1902 1425 1982 quod
1487 1901 1960 1964 continebatur
2018 1901 2404 1984 argumenti
2465 1900 2798 1964 electione
2817 1947 2831 1973 ,
2876 1899 3029 1981 ple-

824 2015 1014 2078 niore
1073 2016 1366 2096 quadam
1426 2035 1651 2078 rerum
1713 2016 2105 2098 cognitione
2121 2065 2137 2091 ‚
2184 2018 2496 2079 ubertate
2543 2025 2614 2078 et
2661 2015 3027 2097 diligentia

824 2131 1243 2194 narrationis,
1334 2131 1667 2212 Polybius
1727 2132 2003 2212 quidem
2047 2151 2273 2194 rerum
2317 2150 2723 2213 graecarum
2767 2130 3028 2194 talibus

823 2246 1121 2310 fontibus
1137 2295 1154 2321 ,
1221 2267 1468 2329 nempe
1537 2248 1711 2310 actis
1769 2248 2059 2329 publicis
2120 2247 2271 2309 aliis
2332 2247 2663 2310 eiusmodi
2709 2267 2867 2309 usus
2917 2255 3029 2309 est

824 2363 1061 2444 quales
1122 2363 1192 2425 in
1236 2363 1649 2444 reliquarum
1695 2363 2002 2446 gentium
2047 2364 2251 2426 rebus
2296 2362 2643 2425 tradendis
2688 2372 2809 2424 aut
2851 2361 3066 2424 nulli'

825 2489 942 2542 aut
992 2479 1195 2561 pauci
1241 2479 1305 2542 ei
1353 2480 1881 2561 suppeditabant
1903 2528 1918 2555 ,
1965 2479 2196 2561 itaque
2242 2499 2353 2542 res
2397 2480 2785 2541 Poenorum
2801 2526 2816 2552 ‚
2862 2476 3029 2540 His·

822 2615 1153 2677 panorum
1177 2643 1192 2669 ‚
1268 2593 1482 2657 Asiae
1505 2644 1520 2670 ‚
1599 2595 1805 2657 etiam
1879 2595 2353 2657 Romanorum
2370 2643 2385 2670 ,
2456 2614 2626 2676 quas
2692 2573 3030 2675 magnam

825 2705 1092 2793 partem
1139 2732 1224 2773 ex
1271 2711 1420 2774 aliis
1465 2711 1856 2774 auctoribus
1900 2711 2221 2793 repetivit
2236 2760 2251 2786 ‚
2298 2694 2514 2774 mul'to
2561 2710 2781 2773 minus
2810 2709 3026 2790 plene

823 2848 915 2890 ex
985 2848 1069 2890 eo
1139 2828 1618 2909 cognoscimus
1678 2847 1882 2908 quam
1946 2825 2384 2891 Graecorum.
2477 2824 2621 2891 Sed
2675 2826 3027 2888 rarissime

823 2952 1110 3025 apparet
1178 2941 1510 3007 Graeciae
1570 2943 1863 3025 gloriam
1933 2953 2003 3006 et
2061 2943 2467 3025 dignitatem
2522 2953 2754 3006 tantae
2809 2943 3029 3005 etiam

825 3078 1027 3122 curae
1074 3060 1137 3121 ei
1182 3058 1387 3121 fuisse
1434 3069 1728 3140 quantae
1773 3058 1908 3121 fide
1953 3059 2275 3122 historica
2319 3060 2575 3121 intacta
2618 3057 2818 3121 facile
2863 3079 3025 3121 esse

822 3175 1060 3256 potuit.
1150 3174 1455 3257 Lycurgi
1524 3175 1796 3255 quidem
1822 3214 1827 3220 -
1857 3175 2054 3257 leges
2114 3185 2190 3237 ut
2249 3174 2446 3236 unius
2505 3174 2795 3236 hominis
2842 3194 3027 3254 opus

821 3289 1095 3372 legibus
1151 3290 1623 3351 Romanorum
1667 3300 2016 3369 praestare
2064 3289 2411 3353 contendit
2429 3338 2443 3364 ‚
2492 3291 2738 3353 ductus
2783 3309 3027 3352 amore

822 3425 1047 3468 rerum
1106 3404 1596 3486 Peloponnesi,
1642 3407 1766 3467 sed
1812 3405 1975 3467 alibi
2021 3405 2429 3468 contrarium
2473 3403 2638 3468 fecit
2681 3403 3027 3485 Polybius

821 3521 1011 3584 cuius
1072 3521 1550 3603 gravissimum
1605 3522 1995 3603 exemplam
2048 3521 2313 3583 addam.
2405 3520 2583 3582 Nam
2628 3540 2782 3583 cum
2829 3522 3025 3600 apud

821 3657 1056 3699 omnes
1124 3635 1267 3698 fere
1336 3644 1581 3718 gentes
1642 3637 1970 3699 memoria
2032 3647 2342 3700 servetur
2400 3637 2698 3699 virorum
2754 3636 3026 3717 aliquot

817 3752 1066 3815 virtute
1135 3751 1499 3833 insignium
1517 3801 1531 3827 ‚
1601 3772 1888 3833 quorum
1955 3751 2205 3814 famam
2276 3762 2600 3833 tanquam
2659 3752 3025 3834 publicum

819 3870 1028 3931 decus
1072 3868 1331 3950 posteri
1376 3888 1782 3931 conservare
1829 3882 1900 3931 et
1945 3870 2173 3931 colere
2220 3870 2567 3943 studeant,
2599 3888 2819 3950 aeque
2852 3867 3024 3931 ferri

815 4003 953 4044 non
1013 3994 1243 4063 potest
1303 3983 1590 4064 scriptor
1651 3985 1767 4064 qui
1827 3984 2088 4063 patriae
2146 4003 2311 4046 suae
2358 3985 2535 4046 hanc
2579 3984 2876 4065 gloriam
2893 4033 2909 4058 ,
2957 3984 3023 4047 si

818 4099 961 4160 iure
1033 4109 1426 4189 comparata
1495 4109 1600 4162 est
1623 4147 1657 4174 ‚n
1709 4100 2065 4161 detrahere
2134 4109 2433 4162 conetur.
2547 4099 2792 4181 Itaque
2867 4100 3022 4162 iure

913 4339 949 4420 ¹)
990 4343 1054 4399 P.
1098 4343 1261 4400 XVI.
1313 4362 1386 4414 14
1426 4349 1453 4412 ἓ
1497 4345 1551 4399 6.
