3375 5084
1361 406 1483 463 213

332 598 386 639 c.
458 598 540 639 20
588 597 684 659 sq.
778 578 1158 659 Diophanis
1205 598 1261 640 a.
1320 601 1473 657 190,
1522 579 1709 660 alia),
1758 581 1889 642 huc
1936 581 2276 660 pertinent
2323 603 2515 663 egre-

330 693 488 774 giae
552 702 622 756 et
682 673 999 775 copiosae
1058 695 1476 757 narrationes
1539 694 1976 757 conciliorum
1996 744 2010 770 ,
2056 696 2175 757 ubi
2222 697 2518 760 omnium

329 810 800 872 Romanorum
856 812 1190 874 sociorum
1237 812 1454 894 legati
1499 813 1814 874 aderant:
1863 814 1952 874 ad
1995 813 2259 895 Tempe
2304 814 2517 877 Thes-

282 981 287 986 ,
328 926 539 989 salica
600 945 656 988 a.
717 945 833 1005 197
884 926 1245 989 Flaminini
1292 936 1362 989 et
1408 928 1747 990 sociorum
1793 948 1946 991 cum
1991 928 2314 1011 Philippo
2362 950 2515 993 con-

325 1052 602 1118 ventUS,
650 1043 724 1105 P.
773 1063 831 1105 a.
879 1042 954 1106 L.
1003 1043 1354 1107 XXXIH.
1405 1065 1461 1107 c.
1518 1066 1590 1107 12
1643 1064 1759 1127 sq„
1806 1044 1882 1108 P.
1932 1044 2197 1108 XVIII.
2246 1066 2301 1109 e.
2343 1068 2513 1125 34-—

327 1180 446 1238 393
520 1167 896 1221 conventus
966 1158 1269 1222 Corinthi
1339 1160 1610 1222 habitus
1678 1181 1735 1222 a.
1809 1182 1831 1222 1
1846 1180 1925 1239 95
1950 1209 1964 1235 ,
2028 1160 2391 1223 Flaminini
2447 1173 2516 1226 et

325 1276 624 1338 omniurn
670 1296 805 1338 soc.
856 1276 940 1338 de
987 1275 1174 1338 bello
1221 1277 1550 1338 adversus
1595 1265 1852 1351 Nabin.
1883 1275 1959 1340 P.
1992 1298 2051 1340 a.
2085 1277 2516 1342 LXXXIV.

323 1414 378 1455 c.
451 1413 742 1470 22-—24;
807 1392 1098 1474 denique
1148 1402 1530 1476 ,conventus
1579 1392 1884 1456 Corinthi
1929 1394 2131 1457 sociis
2179 1416 2220 1457 a
2265 1394 2515 1458 Flami-

320 1510 484 1572 nino
554 1510 845 1573 indictus
914 1530 972 1572 a.
1053 1532 1206 1589 194,
1277 1508 1354 1573 P.
1425 1530 1481 1572 a.
1553 1509 1629 1573 L.
1695 1509 2049 1574 XXXIV.
2114 1531 2168 1575 c.
2235 1491 2515 1590 48—ss50.

322 1625 768 1708 Quantopere
831 1647 873 1688 a
931 1625 1230 1689 fontibus
1291 1625 1614 1689 Achaicis
1675 1627 1745 1688 in
1806 1626 1911 1689 his
1970 1629 2173 1690 rebus
2218 1630 2517 1709 pendeat

319 1741 656 1822 Polybius
672 1789 686 1815 ,
733 1741 845 1804 hic
889 1741 1292 1804 novissimus
1340 1742 1530 1804 locus
1577 1743 1965 1804 testimonio
2001 1743 2103 1805 sit.
2151 1743 2328 1806 Nam
2361 1764 2516 1807 cum

314 1856 737 1919 Flamininus
810 1876 851 1917 a
919 1856 1119 1919 sociis
1180 1856 1565 1937 petivisset,
1628 1866 1704 1919 ut
1762 1858 1949 1920 cives
1993 1857 2353 1922 Romanos
2400 1861 2513 1941 qui

317 1975 506 2055 apud
552 1993 670 2035 eos
717 1974 785 2035 in
832 1973 1157 2036 servitute
1206 1982 1433 2036 essent
1479 1975 1896 2055 conquisitos
1936 1977 2024 2036 ad
2055 1995 2130 2038 se
2154 1975 2517 2052 mitterent,

316 2089 747 2171 captivorum
791 2108 1148 2150 numerum
1194 2097 1411 2151 totum
1443 2109 1580 2151 non
1611 2089 1871 2153 addidit
1894 2090 2041 2154 Pol.
2062 2140 2076 2166 ,
2105 2092 2224 2154 sed
2250 2102 2515 2156 tantum

315 2206 648 2288 cognovit
716 2206 892 2267 hanc
960 2225 1106 2268 rem
1176 2214 1448 2268 centum
1516 2206 1790 2269 talentis
1856 2204 2149 2270 Achaeis
2209 2210 2477 2272 stetisse
2493 2258 2508 2284 ,

311 2324 498 2387 unde
555 2320 783 2385 effecit
834 2322 1022 2385 mille
1069 2323 1398 2385 ducentos
1445 2321 1757 2403 captivos
1802 2321 2138 2385 Achaiam
2185 2325 2502 2389 habuisse

311 2440 412 2523 (P.
473 2459 529 2501 a.
575 2438 650 2501 L.
696 2438 856 2501 ibid.
904 2459 958 2502 c.
1010 2437 1131 2520 50).
1225 2438 1424 2501 Hanc
1470 2438 1832 2520 pecuniam
1876 2440 1947 2501 in
1995 2460 2147 2502 eam
2193 2460 2338 2503 rem
2383 2442 2503 2504 im-

309 2574 600 2638 pensam
648 2575 798 2618 esse
846 2574 1008 2617 sane
1055 2555 1384 2637 cognovit
1416 2575 1507 2618 ex
1538 2554 1709 2618 actis
1731 2556 2023 2636 publicis
2046 2555 2503 2621 Achaeorum.

406 2672 515 2735 De
577 2669 1001 2734 Rhodiorum
1065 2669 1397 2734 tabulario
1459 2672 1606 2753 agit
1666 2671 1996 2753 Polybius
2050 2670 2247 2735 XVI.
2297 2694 2350 2737 c.
2410 2695 2504 2752 15.

309 2788 489 2853 Cum
536 2789 714 2851 enim
761 2796 1074 2857 auctores
1119 2787 1380 2850 Rhodii
1424 2786 1604 2850 Zeno
1654 2797 1723 2850 et
1753 2786 2199 2851 Antisthenes
2227 2809 2505 2872 pugnae

305 2908 403 2969 ad
464 2905 700 2967 Laden
759 2914 1000 2987 gestae
1057 2904 1319 2967 navalis
1376 2905 1663 2987 singulis
1709 2906 1912 2974 rebus
1958 2926 2121 2969 vere
2171 2907 2504 2988 expositis

304 3022 631 3084 Rhodios
691 3020 986 3083 victores
1047 3019 1254 3083 fuisse
1299 3019 1473 3083 falso
1521 3020 2028 3083 contendissent
2046 3068 2061 3095 ,
2108 3022 2198 3083 ad
2242 3021 2503 3085 litteras

304 3147 646 3221 provocat
719 3136 1050 3218 Polybius
1127 3157 1169 3198 a
1243 3135 1729 3217 Theophilisco
1807 3136 1980 3199 duce
2050 3137 2279 3200 statim
2346 3148 2505 3220 post

304 3273 621 3336 pugnam
690 3254 779 3314 ad
846 3260 1156 3314 senatum
1223 3261 1293 3314 et
1351 3261 1676 3333 prytanes
1735 3252 2170 3315 Rhodiorum
2230 3253 2471 3317 missas
2487 3304 2502 3329 ,

303 3390 489 3452 quae
535 3369 741 3431 etiam
787 3377 934 3430 tum
979 3388 1133 3430 cum
1180 3368 1508 3430 scriberet
1550 3368 1622 3429 in
1665 3377 2000 3449 prytaneo
2050 3379 2497 3433 servarentur.

303 3482 780 3549 Relatz'om‘bus
824 3484 1212 3566 legatorum
1257 3484 1691 3546 Rhodiorum
1737 3484 1966 3547 multis
2007 3485 2175 3548 locis
2206 3487 2500 3549 narratio

300 3601 585 3681 Polybii
648 3600 1044 3663 continetur.
1136 3601 1210 3662 P.
1274 3598 1470 3662 XVI.
1536 3620 1590 3663 c.
1659 3605 1739 3663 26
1804 3606 1833 3676 ἓ
1899 3606 2118 3663 8———10
2186 3602 2502 3684 (islocus

301 3719 400 3781 ab
448 3716 896 3798 epitomatore
944 3725 1329 3780 contractus
1375 3716 1641 3797 plenior
1687 3726 1882 3780 extat
1912 3737 2017 3798 ap.
2043 3717 2189 3782 Liv.
2214 3718 2498 3782 XXXI.

304 3857 366 3898 e.
454 3855 475 3894 1
493 3853 527 3911 5
608 3832 806 3914 med.)
880 3841 1189 3895 narratur
1265 3833 1839 3913 quemadmodum
1916 3833 2132 3915 legati
2208 3834 2497 3910 Rhodii,

301 3951 496 4014 missi
561 3970 716 4013 cum
748 3948 1018 4012 „Attalo
1082 3957 1159 4011 ut
1220 3948 1679 4011 Athenienses
1736 3950 1826 4011 ad
1870 3949 2132 4012 bellum
2178 3949 2499 4033 Philippo

305 4067 745 4130 indicendum
819 4075 1301 4147 permoverent
1376 4085 1432 4126 a.
1507 4086 1663 4140 200,
1735 4064 2028 4128 Athenis
2097 4067 2364 4147 accepti
2434 4077 2503 4130 et

307 4182 526 4245 auditi
585 4182 747 4257 sint,
811 4202 982 4264 quos
1039 4182 1331 4244 honores
1376 4183 1672 4263 populus
1718 4180 2157 4244 Atheniensis
2203 4182 2499 4245 Rhodiis

304 4300 707 4362 decreverit.
802 4297 944 4362 Sed
1002 4319 1137 4360 non
1203 4319 1354 4360 eam
1415 4307 1681 4379 partem
1735 4299 1981 4373 solam,
2031 4298 2237 4361 etiam
2283 4307 2498 4361 totam

303 4416 832 4496 descriptionem
896 4414 1227 4477 contionis
1287 4414 1821 4496 Atheniensium.
1872 4415 1946 4494 (c.
2017 4415 2149 4496 26),
2199 4424 2268 4477 et
2313 4417 2498 4496 quod
