3375 5084
1865 353 1985 393 222

914 524 1287 587 Decretum
1347 524 1889 587 decemvirorum
1947 525 2065 606 qui
2119 526 2187 587 in
2233 524 2475 587 Asiam
2519 527 2704 588 missi
2749 536 2905 589 sunt
2957 547 3011 588 a.

836 645 953 702 188
1002 649 1162 721 post
1205 638 1445 702 foedus
1494 660 1649 702 cum
1695 640 2043 703 Antiocho
2090 640 2363 703 Romae
2396 641 2635 716 ictum,
2666 642 2742 703 P.
2776 642 3013 704 XXII.

725 803 728 806 Α
828 775 883 829 6,
934 776 1034 832 24.
1126 755 1323 817 Nitor
1366 754 1473 816 his
1520 757 1971 837 argumentis:
2043 756 2344 818 Primum
2390 757 2570 819 enim
2616 757 2719 819 his
2752 758 3016 820 decem-

824 872 986 934 viris
1002 920 1016 945 ‚
1077 892 1231 934 cum
1278 870 1534 952 Ephesi
1579 873 1915 955 degerent
1932 921 1946 948 ,
1993 874 2277 936 aderant
2321 873 2750 968 Rhodiorum
2795 873 3015 955 legati

825 988 942 1070 qui
988 988 1074 1049 de
1122 1008 1359 1050 eorum
1405 988 1697 1051 decretis
1742 989 1811 1050 in
1857 990 2147 1070 patriam
2179 991 2584 1052 rettulerunt
2613 990 2709 1072 (P.
2740 989 3016 1052 XXIII.

827 1124 881 1166 6.
946 1125 981 1181 3
1047 1108 1078 1179 ἓ
1139 1102 1213 1185 7).
1304 1103 1573 1166 Deinde
1639 1105 1956 1168 undecim
2001 1106 2191 1168 annis
2235 1115 2393 1187 post
2437 1107 2525 1168 de
2570 1107 2676 1168 his
2723 1100 3036 1169 decretis'

827 1220 1170 1282 contentio
1219 1230 1367 1283 orta
1412 1230 1518 1283 est
1560 1221 1737 1283 inter
1782 1221 2099 1285 Rhodios
2145 1231 2216 1284 et
2246 1220 2576 1286 Senatum
2607 1222 2701 1304 (P.
2743 1220 3017 1283 XXVI.

828 1356 883 1398 c.
936 1356 968 1415 7
1019 1356 1077 1398 a.
1135 1358 1157 1397 1
1180 1357 1201 1396 1
1219 1334 1294 1416 7).
1385 1336 1561 1398 Tum
1607 1337 1788 1399 enim
1834 1334 2127 1401 Senatus
2144 1385 2159 1410 ,
2206 1337 2576 1418 Lyciorum
2621 1338 2918 1419 querelis
2953 1346 3023 1404 et

829 1451 986 1512 odio
1048 1450 1478 1538 Rhodiorum
1531 1460 1757 1514 motus
1773 1501 1787 1526 ,
1835 1452 2128 1515 revolvit
2176 1451 2700 1517 'commentarios
2746 1455 3019 1516 decem-

830 1568 1128 1630 virorum
1173 1568 1345 1649 (τούς
1391 1568 2058 1651 ὑπομνηματισμούς),-
2106 1579 2177 1633 et
2206 1572 2440 1633 statuit
2470 1591 2544 1633 se
2581 1571 3024 1651 comperisse,

832 1683 1114 1766 Lyciam
1160 1704 1296 1746 non
1340 1685 1409 1746 in
1456 1685 1783 1748 ditionem
1828 1685 1964 1768 (οὐκ
2000 1692 2071 1753 ἐν
2108 1686 2360 1769 δωρεᾷ),
2394 1688 2516 1749 sed
2549 1688 2638 1749 ad
2660 1687 3029 1750 amicitiam
3147 1732 3153 1740 -
3251 1701 3254 1710 '

832 1808 903 1884 et
978 1800 1376 1862 societatem
1445 1800 1741 1864 Rhodiis
1809 1803 2039 1865 datam
2110 1824 2261 1866 esse
2330 1802 2424 1886 (τὸ
2495 1800 2563 1869 δὲ
2637 1799 2860 1867 πλεῖον
2941 1807 3028 1876 ὡς

818 1911 1036 1995 φίλοι,
1073 1921 1181 1979 καὶ
1247 1915 1604 2001 σύμμαχοι).
1697 1916 1895 1980 Hanc
1958 1919 2462 1982 contentionem
2507 1919 2666 1982 anni
2721 1939 2836 1999 177
2893 1918 3028 1980 Po-

832 2031 1059 2112 lybius
1077 2080 1091 2106 ,
1152 2040 1228 2094 ut
1287 2052 1493 2113 supra
1552 2032 1696 2095 dixi
1713 2081 1727 2108 ,
1791 2034 2148 2115 descripsit
2193 2055 2233 2096 e
2280 2044 2507 2097 mente
2553 2034 2996 2098 Rhodiorum
3015 2083 3028 2108 ,

833 2156 903 2209 et
946 2146 1291 2228 vituperat
1337 2158 1663 2211 senatum.
1759 2146 1900 2212 Sed
1945 2151 2107 2231 quid
2152 2151 2301 2231 ipsa
2345 2151 2622 2214 decreta
2667 2152 2824 2212 anni
2858 2173 2882 2211 1
2898 2156 2985 2212 88
3004 2153 3032 2211 Ρ

837 2261 914 2327 Si
975 2284 1014 2325 e
1076 2262 1263 2326 fonte
1324 2264 1645 2328 Romano
1711 2286 1795 2328 ea
1852 2267 2290 2348 cognovisset
2335 2266 2665 2349 Polybius
2682 2316 2697 2341 ,
2743 2287 3032 2329 necesse

835 2388 1007 2464 erat·
1027 2399 1112 2441 ea
1157 2380 1520 2442 convenire
1567 2401 1721 2443 cum
1756 2381 2072 2463 opinione
2103 2391 2393 2444 senatus
2441 2379 2583 2445 Sed
2614 2383 2701 2444 de
2725 2381 3031 2444 amicitia

835 2506 904 2559 et
948 2495 1227 2558 foedere
1274 2495 1441 2558 nihil
1486 2495 1557 2557 in
1603 2495 1684 2558 iis
1730 2496 2026 2578 legimus
2071 2496 2332 2579 (XXII.
2382 2518 2438 2560 c.
2486 2519 2568 2575 24
2604 2503 2635 2573 ἓ
2671 2503 2739 2560 8:
2772 2495 3036 2572 „626621-

832 2634 936 2687 τες
995 2614 1258 2675 Λυκίαν
1313 2616 1423 2675 καὶ
1474 2615 1732 2694 Καρίας
1783 2619 1861 2677 τὰ
1909 2612 2096 2697 μέχρι
2144 2610 2546 2695 Μαιάνδρου
2595 2641 2649 2678 κ.
2705 2637 2764 2675 τ.
2816 2609 2930 2694 λ.);
2966 2623 3037 2676 et

838 2728 1072 2810 paullo
1117 2736 1275 2808 post
1315 2727 1649 2809 Polybius
1677 2727 1947 2808 scripsit
1970 2728 2239 2810 legatos
2261 2728 2698 2791 Rhodiorum
2721 2749 2779 2790 a.
2814 2734 2941 2791 188
2969 2728 3038 2790 in

803 2844 1124 2925 'patriam
1171 2844 1515 2906 rettulisse
1563 2845 1828 2911 Λυκίαν
1880 2851 1990 2910 καὶ
2015 2850 2273 2929 Καρίας
2307 2851 2386 2911 τὰ
2410 2846 2595 2929 μέχρι
2623 2852 2733 2911 τοῦ
2760 2849 3038 2910 Μαιάν-

836 2958 992 3043 δρου
1044 2957 1355 3025 δεδόσθαι
1407 2958 1703 3033 “Ροδιόις
1748 2963 1873 3026 ὑπὸ
1907 2959 2257 3044 ιΡωμαίων
2295 2963 2362 3027 ἐν
2398 2959 2602 3046 δωρεᾷ
2629 2961 2724 3043 (Ρ.
2750 2961 3037 3024 ΧΧΙΠ.

839 3098 894 3140 6.
945 3098 979 3155 3
1033 3082 1064 3153 5
1116 3076 1193 3158 7).
1285 3078 1528 3159 Itaque
1574 3087 1723 3140 tota
1768 3079 2045 3142 decreta
2090 3078 2260 3143 fonti
2304 3080 2566 3142 Rhodii
2612 3080 2971 3144 debentur.

926 3192 1045 3255 Ad
1102 3193 1513 3256 tabularium
1559 3194 1973 3258 Achaicum:
2020 3194 2262 3258 foedus
2308 3217 2463 3260 cum
2508 3196 2730 3259 Teuta
2774 3195 3040 3268 factum

839 3328 1107 3388 a.‚227,
1155 3296 1231 3370 P.
1279 3309 1366 3372 H.
1398 3321 1517 3372 ⁸12.
2855 3384 2860 3391 ι

929 3422 1310 3505 Supersunt
1376 3426 1548 3487 haec
1569 3472 1583 3499 ‚
1652 3446 1830 3506 quae
1893 3426 2118 3488 omnia
2177 3447 2312 3489 uno
2375 3435 2668 3507 excepto
2732 3425 3043 3488 fontibus

841 3560 979 3603 non
1046 3540 1383 3603 Romanis
1444 3541 1682 3604 deberi
1742 3550 2000 3605 statuo:
2061 3543 2138 3605 P.
2197 3541 2350 3605 VII.
2398 3563 2452 3619 c,
2503 3564 2540 3621 9
2587 3541 2831 3604 foedus
2880 3542 3044 3604 Phi-

846 3656 1016 3737 lippi
1087 3677 1242 3719 cum
1304 3655 1529 3720 Carth.
1591 3677 1649 3719 a.
1718 3678 1749 3718 2
1768 3680 1789 3719 1
1805 3679 1862 3736 5.
1953 3658 2270 3735 Fortasse
2335 3659 2421 3721 ad
2478 3658 2891 3720 tabularium
2940 3678 3046 3720 re-

847 3773 1037 3855 gium
1095 3772 1615 3835 Macedonicum
1669 3774 1997 3855 pertinet;
2044 3794 2182 3836 non
2227 3775 2455 3836 obstat
2499 3774 2685 3855 quod
2728 3783 3049 3836 narratur

849 3897 1007 3968 post
1052 3907 1358 3969 pugnam
1402 3888 1491 3949 ad
1539 3886 2091 3969 Cynoscephalas
2134 3889 2469 3951 delevisse
2499 3886 2858 3969 Philippus
2883 3897 3048 3949 acta

849 4002 1042 4085 regia
1100 4002 1412 4065 Larissae
1475 4012 1747 4065 servata
1808 4002 2093 4085 (XVIII.
2149 4024 2204 4066 6.
2255 4025 2334 4082 33
2357 4051 2371 4078 ,
2419 4024 2477 4064 a.
2535 4003 2678 4084 197)
2725 4022 2809 4064 ea
2855 4003 3045 4064 enim

850 4129 1044 4183 erant
1100 4118 1432 4201 epistolae
1480 4128 1551 4181 et
1596 4119 2062 4181 commentarii
2107 4114 2436 4203 (βασιλικὰ
2483 4126 2829 4201 γράμματα
2849 4167 2865 4199 ,
2917 4123 2952 4193 g
3004 4139 3039 4195 3

845 4232 1325 4317 ὑπομνήματα).
1396 4233 1576 4315 Quid
1623 4234 1709 4296 de
1753 4233 1887 4296 hoc
1932 4232 2208 4297 foedere
2256 4232 2703 4297 confinxerint
2734 4233 3045 4295 Romani

851 4350 1053 4412 docet
1097 4350 1332 4434 Livius
1378 4349 1651 4410 XXIII.
1701 4370 1754 4410 6.
1806 4370 1906 4426 33.
