3375 5084
1441 359 1519 416 25

386 529 678 592 ditiones
723 549 964 611 parare
1010 531 1386 613 inciperent
1429 531 1955 596 Lacedaemonii
1973 581 1987 608 ,
2035 533 2233 615 leges
2272 532 2576 615 Lycurgi

379 645 748 726 neglectae
795 655 865 708 et
911 666 1192 708 eversae
1239 622 1395 710 sunt
1410 695 1426 720 ‚
1474 648 1664 711 cuius
1694 648 1794 710 rei
1825 648 2082 710 clarum
2115 647 2576 710 testimonium

381 759 790 841 conspicitur
832 760 901 822 in
947 761 1235 824 sordidis
1279 761 1468 844 pacis
1514 761 1925 825 Antalcidae
1981 761 2479 825 conditionibus
2524 761 2577 843 ¹).

379 874 537 939 Hoc
597 875 807 959 igitur
851 877 1106 940 crimen
1149 877 1473 961 Lycurgo
1519 878 1988 960 imputandum
2035 887 2168 953 est,
2216 878 2312 941 ait
2328 925 2343 952 ,
2392 878 2576 958 quod

279 1062 287 1065 ,
378 993 632 1055 addere
705 993 1007 1057 omiserit
1073 995 1303 1077 legem
1372 994 1670 1077 aliquam
1741 1015 1877 1077 qua
1938 1002 2014 1083 ut
2076 1015 2119 1057 a
2180 993 2578 1057 tumultibus

382 1108 715 1172 intestinis
775 1109 873 1171 ita
934 1109 1140 1173 etiam
1201 1130 1244 1172 a
1304 1110 1504 1174 bellis
1570 1111 1872 1174 externis
1934 1131 2055 1174 eos
2111 1109 2480 1173 abstineret
2518 1108 2579 1189 2).

381 1224 664 1288 Minime
732 1225 944 1307 igitur
1012 1226 1142 1291 sibi
1212 1236 1479 1289 constat
1547 1246 1705 1290 cum
1764 1227 1999 1308 paullo
2059 1235 2217 1309 post
2277 1225 2374 1288 ita
2434 1223 2578 1288 fere

384 1340 645 1423 pergit:
735 1316 1142 1424 quicumque
1213 1362 1368 1405 eum
1438 1342 1771 1424 optimum
1840 1341 2260 1424 reipublicae
2329 1350 2581 1405 statum

383 1478 535 1520 esse
596 1457 852 1521 iudicat
905 1479 1039 1541 quo
1090 1459 1277 1522 cives
1321 1459 1519 1522 liberi
1566 1469 1636 1522 et
1679 1459 1935 1541 placidi
1980 1460 2240 1542 degant
2257 1434 2287 1533 ,Ι
2317 1458 2376 1521 is
2423 1477 2579 1521 con-

385 1573 633 1638 cedere
696 1574 907 1638 debet
964 1575 1457 1658 rempublicam
1519 1575 2220 1643 Lacedaemoniorum
2280 1574 2579 1638 omnium

382 1688 589 1753 fuisse
655 1689 1217 1772 perfectissimam
1257 1690 1316 1773 3).
1408 1690 1552 1756 Sed
1614 1692 1670 1755 si
1727 1693 1876 1774 quis
1922 1693 2055 1755 hoc
2102 1690 2361 1755 civitati
2405 1710 2581 1754 sum·
2647 1667 2652 1672 ⁴

384 1826 570 1869 mum
615 1808 871 1870 bonum
918 1829 1067 1871 esse
1115 1810 1330 1874 credit
1375 1819 1451 1872 ut
1494 1809 1724 1873 multis
1770 1809 2059 1892 imperet
2102 1814 2173 1871 et
2203 1807 2429 1871 omnia
2457 1826 2581 1870 suo

384 1932 553 1985 nutu
597 1933 797 2006 regat
812 1972 827 1999 ‚
879 1926 1393 1988 concedendum
1438 1934 1542 1989 est
1586 1925 2083 2007 rempublicam
2122 1924 2581 1987 Lacedaemo-

383 2039 567 2101 niam
623 2041 755 2103 hac
800 2040 869 2102 in
913 2061 988 2104 re
1036 2039 1330 2105 deficere
1379 2051 1450 2106 et
1494 2042 1817 2106 Romana
1863 2040 2168 2123 superari
2205 2040 2267 2122 ⁴).
2360 2039 2578 2102 Immo

383 2155 517 2218 hoc
564 2156 791 2220 dicere
839 2157 1106 2220 debuit:
1154 2157 1211 2220 si
1257 2158 1407 2240 quis
1451 2158 1713 2221 bellum
1758 2157 2058 2240 praefert
2090 2166 2161 2220 et
2183 2156 2577 2238 potentiam,

385 2271 689 2355 Lycurgi
733 2273 931 2355 leges
977 2271 1330 2348 deficiunt;
1378 2273 1436 2338 si
1482 2284 1719 2339 contra
1747 2294 1993 2359 pacem
2024 2282 2095 2337 et
2118 2272 2548 2337 concordiam
2564 2321 2578 2347 ,

385 2408 522 2450 non
567 2386 797 2452 minus
841 2387 1196 2476 deficiunt,
1242 2409 1401 2453 nam
1446 2390 1806 2473 Lycurgus
1852 2409 2097 2472 pacem
2128 2398 2198 2453 et
2231 2389 2575 2452 continen-

384 2502 553 2565 tiam
597 2502 734 2565 suis
781 2502 1044 2567 civibus
1091 2523 1496 2568 conservare
1543 2513 1615 2567 et
1658 2504 2012 2586 imponere
2059 2504 2301 2568 omisit.

474 2617 714 2701 Itaque
775 2619 845 2682 in
896 2618 1295 2683 iudicandis·
1316 2621 1522 2684 rebus
1569 2619 1852 2684 Graecis
1897 2620 2268 2684 memoriae
2314 2620 2579 2683 traditis

385 2733 805 2816 aliquantum
880 2735 1008 2798 sibi
1086 2735 1299 2800 defuit
1367 2736 1700 2818 Polybius
1717 2784 1731 2811 ,
1804 2745 1875 2799 et
1942 2735 2287 2799 aberravit
2355 2735 2579 2799 studio

385 2871 608 2915 novae
697 2850 1157 2934 Peloponnesi
1242 2853 1578 2916 libertatis
1655 2862 1726 2917 et
1804 2852 2174 2935 cupiditate
2252 2850 2581 2916 efferendi

385 2987 792 3050 graecorum
852 2968 1128 3051 ingenii.
1219 2969 1299 3032 In
1360 2970 1510 3033 aliis
1567 2971 1770 3033 rebus
1826 2971 2235 3051 ubicumque
2281 2970 2415 3032 hoc
2459 2969 2579 3031 im-

387 3083 851 3165 pedimentum
923 3086 1120 3149 abest
1186 3086 1524 3168 praestitit
1591 3107 1665 3149 se
1733 3086 1954 3149 virum
2014 3084 2211 3148 liberi
2272 3094 2342 3148 et
2401 3084 2582 3148 acuti

387 3199 663 3282 ingenii.
756 3199 1002 3264 Omnia
1063 3201 1469 3285 intellegere
1531 3203 1761 3266 studet
1822 3202 1898 3289 P.
1917 3251 1931 3277 ‚
1980 3203 2314 3285 quatenus
2359 3202 2448 3264 ab
2496 3222 2580 3265 eo

388 3315 703 3399 intellegi
771 3327 1054 3399 possunt
1070 3367 1084 3393 ‚
1144 3339 1371 3401 neque
1431 3319 1634 3382 ullius
1696 3319 2074 3385 traditionis
2135 3328 2253 3382 aut
2311 3317 2581 3381 divinae

392 3441 511 3494 aut
568 3433 918 3514 popularis
973 3434 1376 3498 auctoritate
1423 3444 1722 3498 mentem
1768 3454 1959 3497 suam
2007 3434 2366 3497 obcaecari
2409 3433 2581 3515 pati·

387 3557 529 3623 tur3
592 3547 797 3612 fidem
859 3570 933 3613 se
992 3551 1249 3614 habere
1311 3550 1434 3613 ulli
1494 3550 1839 3614 traditioni
1897 3549 2203 3632 praecise
2265 3558 2479 3631 negat
2523 3549 2580 3611 si

389 3684 597 3728 sanae
673 3660 885 3729 menti
958 3676 1297 3749 repugnet
1320 3715 1336 3742 ‚
1422 3667 1715 3749 ideoque
1789 3667 2061 3749 signum
2136 3664 2391 3727 fraudis
2465 3663 2580 3726 vel

390 3781 636 3845 erroris
695 3802 861 3864 prae
924 3804 998 3846 se
1057 3782 1247 3847 ferat.
1340 3783 1421 3846 Id
1477 3801 1631 3847 curn
1676 3783 1746 3845 in
1791 3783 2062 3855 ratione,
2101 3782 2262 3867 artis
2309 3780 2581 3844 criticae

482 4077 521 4158 ¹)
564 4080 632 4138 C·
677 4100 753 4157 49
797 4088 825 4152 5
870 4099 901 4156 5
947 4100 1035 4157 sq-

472 4176 522 4257 2)
562 4180 666 4237 VI.
713 4179 790 4251 48
833 4185 860 4250 ξ
907 4195 957 4252 7.

477 4273 670 4356 3)V1.
714 4297 767 4336 c.
815 4296 889 4355 50
931 4285 960 4350 ξ
1013 4297 1040 4337 1
1088 4296 1175 4353 sq.

474 4372 526 4454 4)
565 4373 714 4435 Ibid.
