3375 5084
1788 341 1869 398 68

739 530 1077 593 Romani?
1122 530 1276 592 Hoc
1323 531 1631 592 omnibus
1678 530 2070 611 legentibus
2102 529 2382 591 evidens
2413 548 2564 590 esse
2594 537 2807 609 putat.
2836 562 2921 570 ——

739 645 1111 709 Rationem
1179 645 1453 727 Polybii
1521 665 1762 727 parum
1830 646 2068 726 probo.
2172 644 2323 707 Res
2384 664 2508 725 per
2567 663 2641 705 se
2700 662 2925 725 neque

742 762 1021 825 evidens
1066 782 1289 843 neque
1335 782 1532 835 vera;
1582 762 1845 824 etiamsi
1890 781 2091 823 nemo
2138 781 2230 823 ex
2273 760 2471 823 bonis
2516 756 2747 841 (οὐδεὶς
2789 766 2923 824 τῶν

738 875 1118 959 ἀξιολόγων)
1179 879 1497 960 probavit
1555 878 1963 940 Hannibalis
2022 877 2303 941 consilia
2320 927 2334 951 ,
2392 886 2622 940 tamen
2667 875 2924 939 factum

736 1014 887 1057 esse
947 1004 1177 1076 potest
1236 1006 1311 1058 ut
1368 995 1645 1077 pessimi
1707 995 1823 1076 qui
1869 1015 1953 1057 ea
1998 996 2367 1076 probarent
2411 1004 2654 1076 postea
2697 992 2921 1074 magis

735 1109 804 1171 in
867 1109 1143 1172 civitate
1205 1109 1528 1172 valerent.
1622 1107 1763 1172 Sed
1808 1109 1985 1170 hanc
2032 1109 2305 1189 culpam
2352 1107 2623 1169 admisit
2667 1105 2921 1167 Fabius

735 1226 920 1306 quod
981 1245 1357 1307 agnoscere
1418 1224 1633 1287 noluit
1693 1225 1806 1287 vel
1868 1244 2002 1287 non
2062 1224 2318 1305 potuit,
2364 1224 2532 1286 iram
2578 1233 2649 1285 et
2696 1222 2924 1284 odium

734 1341 1118 1404 Poenorum
1178 1342 1427 1403 iustum
1488 1352 1559 1404 et
1617 1340 2001 1422 legitimum
2057 1360 2208 1402 esse
2269 1350 2427 1421 post
2469 1338 2720 1401 furtum
2765 1336 2919 1401 Sar-

734 1456 989 1531 diniae;
1048 1457 1339 1538 denique
1397 1457 1582 1538 quod
1628 1476 1748 1519 eos
1796 1456 1982 1519 cives
2029 1455 2625 1537 Carthaginienses
2670 1454 2923 1535 probos

735 1582 805 1634 et
867 1573 1084 1635 bonos
1146 1583 1351 1635 vocat
1367 1621 1381 1647 ,
1440 1572 1556 1654 qui
1611 1592 1857 1653 pacem
1904 1591 2058 1634 cum
2103 1571 2439 1634 Romanis
2487 1570 2743 1633 servari
2787 1580 2923 1632 stu—

733 1689 974 1751 derent
990 1737 1006 1762 ,
1077 1700 1147 1752 et
1213 1690 1494 1752 levitate
1557 1691 1671 1752 vel
1733 1689 2018 1751 avaritia
2078 1689 2264 1751 ducti
2326 1688 2673 1750 civitatem
2734 1707 2928 1749 suam

732 1825 1155 1869 macrescere
1201 1815 1271 1868 et
1317 1806 1630 1887 extingui
1675 1815 2090 1887 paterentur.

823 1921 1132 1984 Philinus
1190 1918 1229 2001 l)
1305 1920 1630 2001 perfidiae
1702 1921 2061 1983 Romanos
2128 1920 2636 1982 insimulaverat
2655 1969 2669 1994 ,
2740 1919 2928 2000 quod

739 2058 892 2099 cum
938 2037 1180 2100 foedus
1227 2047 1493 2100 vetaret
1536 2058 1622 2100 ne
1655 2036 1959 2101 Siciliam
1989 2038 2405 2119 attingerent
2420 2086 2434 2111 ,
2465 2037 2927 2098 iusiurandum

731 2154 1101 2217 violassent
1168 2155 1476 2217 exercitu
1535 2155 1602 2216 in
1663 2154 2054 2217 Messanam
2114 2154 2416 2216 traiecto.
2508 2154 2787 2216 Acerbe
2856 2153 2926 2214 in

734 2288 890 2331 eum
936 2269 1276 2331 invehitur
1321 2269 1650 2351 Polybius
1667 2317 1681 2342 ‚
1731 2280 2092 2351 postquam
2139 2269 2303 2350 ipsis
2350 2268 2741 2332 foederibus
2769 2289 2925 2351 pro-

733 2384 888 2446 latis
971 2384 1135 2446 nihil
1221 2385 1551 2447 eiusmodi
1635 2395 1915 2466 pactum
2001 2383 2207 2447 fuisse
2278 2386 2589 2448 ostendit.
2707 2384 2930 2466 Culpa

732 2500 982 2563 Philini
1026 2500 1225 2563 nobis
1271 2500 1428 2562 ideo
1473 2500 1690 2563 levari
1737 2502 2006 2563 videtur
2051 2502 2234 2581 quod
2281 2510 2465 2563 certe
2491 2501 2927 2563 traditionem

731 2637 909 2698 quae
977 2637 1020 2680 a
1090 2617 1765 2699 Carthaginiensibus
1830 2617 2176 2680 ferebatur
2234 2627 2507 2679 secutus
2564 2628 2669 2680 est
2685 2666 2700 2692 ‚
2749 2637 2929 2697 quae

734 2733 975 2794 eadem
1046 2731 1190 2794 fere
1258 2732 1531 2794 Romae
1597 2733 1883 2795 extabat
1921 2733 1998 2813 ²),
2058 2753 2281 2814 neque
2346 2753 2501 2794 eum
2563 2733 2725 2795 mali
2786 2733 2934 2794 doli

735 2867 1056 2911 accusare
1128 2848 1361 2910 debuit
1419 2848 1752 2929 Polybius
1821 2849 1872 2930 (ἓ
1937 2869 1973 2926 3
2038 2851 2120 2910 πό
2131 2858 2245 2915 θεν
2307 2856 2351 2932 ἠ·
2412 2855 2548 2924 πῶς
2612 2851 2930 2931 ἐθάρρησε

814 2969 856 3028 ά
923 2989 989 3026 αι
1017 3011 1030 3025 .

733 2963 1090 3141 γρῢῖἰηῖἰε
1152 3077 1458 3141 Philinus
1523 3079 1896 3142 tradiderat
1944 3079 2038 3162 (P.
2085 3079 2135 3142 I.
2194 3079 2290 3160 15)
2336 3079 2695 3143 Romanos
2739 3080 2932 3142 navi-

820 3369 863 3451 ¹)
930 3373 995 3431 P.
1062 3370 1170 3429 III.
1240 3375 1314 3430 26
1371 3380 1398 3444 ξ
1455 3393 1522 3449 3:
1584 3379 1719 3435 διότι
1773 3373 2040 3455 Ῥωμαίοις
2088 3380 2175 3434 καὶ
2228 3380 2608 3455 Καρχηδονίοις
2645 3384 2939 3456 ύπάρχοιεν

732 3477 997 3534 συνθῆκαι
1017 3518 1032 3544 ,
1074 3470 1198 3532 καθ’
1238 3476 1298 3539 ἃς
1335 3475 1439 3532 ἔδει
1463 3471 1744 3552 Ῥωμαίους
1767 3477 1857 3552 μὲν
1882 3479 2183 3552 ἀπέχεσθαι
2210 3479 2434 3541 Σικελίας
2459 3478 2688 3545 ἀπάσης,
2719 3488 2941 3554 Καρχη-

731 3571 930 3635 δονίους
967 3567 1258 3635 ὃ”Ῑταλιάς.
2007 3594 2010 3595 ’

814 3662 864 3744 ²)
927 3664 1162 3724 Servius
1219 3665 1297 3723 ad
1352 3664 1534 3744 Verg.
1584 3669 1740 3726 Aen.
1783 3670 1886 3726 IV.
1927 3662 2049 3728 628
2092 3667 2455 3748 (Mommsen
2498 3671 2572 3728 R.
2619 3670 2838 3729 Gesch.
2884 3673 2938 3730 Ι.

730 3781 789 3838 p.
852 3779 968 3839 415
1034 3763 1130 3821 ed.
1186 3764 1292 3822 VI.
1350 3764 1508 3823 hunc
1562 3766 1762 3824 locum
1805 3765 2030 3843 primus
2071 3764 2322 3846 attulit):
2369 3766 2549 3843 „quia
2589 3766 2649 3825 in
2691 3769 2941 3829 foedere

730 3869 971 3918 cautum
1012 3859 1121 3919 fuit
1164 3871 1228 3919 ut
1270 3880 1463 3938 neque
1504 3863 1763 3921 Romani
1813 3864 1891 3923 ad
1931 3863 2106 3923 litora
2148 3865 2724 3944 Carthaginiensium
2764 3886 2942 3927 acce-

732 3957 944 4017 derent
984 3977 1177 4035 neque
1222 3959 1675 4038 Carthagienses
1718 3962 1797 4019 ad
1838 3961 2012 4021 litora
2038 3966 2451 4023 Romanorum
2473 3999 2556 4008 —-
2577 4000 2659 4008 —-
2687 3976 2944 4043 propter

729 4054 874 4115 illud
933 4058 1096 4132 quod
1153 4056 1213 4114 in
1264 4057 1600 4118 foederibus
1643 4057 1934 4118 sancitum
1977 4071 2102 4119 erat
2144 4071 2209 4119 ut
2254 4061 2499 4121 Corsica
2541 4073 2708 4139 esset·
2734 4063 2947 4124 media

733 4152 885 4212 inter
957 4155 1261 4214 Romanos
1324 4167 1383 4215 et
1446 4155 2018 4233 Carthaginiense8.’'
2100 4160 2329 4219 Philino
2387 4171 2446 4219 et
2502 4162 2704 4221 Servio
2752 4164 2942 4224 fidem

730 4270 858 4310 esse
912 4252 1249 4312 habendam
1308 4264 1519 4313 contra
1573 4254 1888 4330 Polybium
1943 4257 2147 4316 statuit
2193 4261 2275 4317 H.
2320 4259 2566 4334 Nissen,
2609 4260 2709 4320 die
2752 4263 2943 4322 Rom.

732 4350 946 4407 Karth.
994 4351 1355 4424 Bundnisse‚
1400 4351 1589 4431 (Neue
1632 4353 1834 4427 Jahrb.
1880 4355 1979 4411 fiir
2022 4356 2165 4414 Phil.
2218 4360 2367 4433 1867
2413 4380 2472 4436 p.
2522 4361 2899 4441 321—332).
