3375 5084
1832 369 1952 424 124

799 538 1143 601 formidini
1187 537 1392 601 fuisse
1438 539 1844 601 Hannibalis
1890 540 2121 621 copias
2167 552 2469 622 apparet.
2542 539 2659 605 Sic
2704 541 2985 604 XXIIL

800 676 854 718 c.
923 660 1006 732 36
1071 675 1129 717 a.
1193 675 1224 716 2
1243 676 1264 715 1
1281 675 1315 732 5
1378 653 1728 718 Gracchus
1774 655 2008 718 consul
2053 667 2412 738 postquam
2456 658 2545 719 ab
2591 657 2984 720 Hannibale

801 780 1111 833 metuens
1181 768 1427 834 Cumas
1494 791 1569 832 se
1636 790 1929 851 propere
1996 771 2285 852 recepit,
2356 769 2616 846 CumiS‚
2679 772 2748 834 in
2806 774 2984 835 urbe

795 888 1051 949 munita
1069 936 1083 961 ‚
1168 887 1545 950 substitisse
1628 887 1873 950 dicitur
1954 887 2176 970 magis
2243 888 2654 950 verecundia
2718 888 2788 950 in
2854 888 2984 951 tali

800 1003 1205 1065 necessitate
1265 1002 1620 1065 deserendi
1664 1003 1887 1065 socios
1931 1023 2135 1085 quam
2181 1003 2343 1066 satis
2387 1001 2602 1065 fidens
2648 1003 2985 1066 exercitui

794 1119 1100 1200 (volones
1161 1118 1390 1199 erant).
1439 1155 1521 1162 —
1573 1117 1835 1180 Eodem
1896 1129 2204 1199 tempore
2251 1139 2404 1182 cum
2454 1117 2802 1182 Gracchus
2848 1118 2982 1183 Cu-

795 1235 921 1297 mis
983 1244 1163 1296 esset
1177 1282 1192 1309 ‚
1253 1232 1504 1296 Fabius
1571 1235 1748 1297 alter
1806 1234 2041 1297 consul
2085 1233 2496 1297 Volturnum
2540 1233 2791 1297 flumen
2837 1245 2978 1298 tra-

794 1351 1043 1412 ducere
1101 1369 1238 1411 non
1290 1351 1497 1412 audet
1515 1397 1530 1424 ‚
1576 1359 1763 1412 metu
1808 1369 2048 1411 revera
2092 1349 2499 1412 Hannibalis
2514 1398 2529 1425 ‚
2576 1351 2700 1412 sed
2744 1349 2981 1430 specie
3030 1357 3040 1382 '

790 1465 1258 1547 prodigiorum
1317 1467 1792 1529 nuntiatorum.
1883 1463 2000 1530 Sic
2060 1475 2129 1528 et
2175 1464 2527 1529 Gracchus
2573 1465 2870 1549 (XXIII.
2916 1486 2979 1529 c.

796 1581 902 1664 37)
962 1602 1116 1644 cum
1177 1580 1424 1646 Cumas
1440 1630 1455 1657 ‚
1520 1592 1590 1645 et
1650 1582 2020 1645 Marcellus
2066 1602 2221 1645 cum
2264 1581 2511 1644 Nolam
2557 1582 2735 1664 (ibid.
2783 1602 2838 1644 c.
2887 1604 2975 1660 43

794 1718 852 1760 a.
935 1717 966 1758 2
983 1718 1005 1759 1
1022 1696 1081 1779 5)
1150 1717 1550 1780 oppugnare
1621 1706 1980 1760 conaretur
2048 1696 2430 1771 Hannibal,
2500 1697 2733 1778 copias
2800 1697 2980 1760 intra

793 1813 1062 1875 moenia
1122 1813 1360 1876 sedulo
1419 1823 1781 1876 tenuerunt
1796 1861 1811 1888 ‚
1859 1822 2203 1877 certamen
2247 1832 2518 1895 semper
2562 1815 2975 1889 abnuentes;

795 1939 864 1992 et
931 1929 1195 2011 quoties
1263 1929 1462 1992 aliter
1527 1940 1743 2012 agunt
1804 1931 2012 1993 duces
2072 1929 2403 2003 Romani,
2469 1930 2699 1992 clades
2744 1928 2976 2011 aliqua

791 2064 911 2106 eos
971 2045 1061 2106 ad
1113 2045 1539 2124 prudentiam
1585 2055 1895 2120 revocat,
1943 2044 2039 2107 sic
2086 2044 2325 2108 XXV.
2382 2051 2476 2108 18.
2524 2065 2583 2107 a.
2637 2066 2668 2107 2
2687 2067 2708 2107 1
2728 2066 2759 2107 2
2812 2065 2974 2108 con-

789 2159 970 2222 sules
1025 2159 1095 2221 in
1141 2157 1511 2241 Campania
1556 2162 1852 2242 quodam
1898 2159 2303 2224 detrimento
2349 2157 2559 2223 afficit
2604 2159 2817 2242 Mago
2833 2208 2850 2235 ‚
2897 2169 2974 2223 et

798 2276 1228 2351 „intentiores
1243 2323 1258 2350 ‚
1305 2276 1521 2358 inquit
1565 2276 1640 2340 L.
1654 2325 1668 2351 ,
1714 2278 1803 2339 ad
1834 2278 2211 2340 cavendum
2244 2276 2555 2339 consules
2581 2296 2714 2338 una
2736 2296 2977 2359 pugna

725 2478 730 2482 ι
788 2390 1044 2454 fecerat
1088 2391 1357 2455 incaute
1403 2402 1607 2474 atque
1653 2392 2029 2456 inconsulte
2074 2391 2270 2455 inita’'
2318 2391 2452 2475 (cfr.
2498 2391 2738 2455 XXV.
2771 2412 2826 2455 c.
2868 2413 2890 2454 1
2904 2414 2967 2471 9,

789 2528 844 2570 c.
912 2528 943 2569 2
962 2529 1026 2582 1;
1090 2507 1399 2571 XXVII.
1448 2529 1502 2572 c.
1560 2508 1630 2591 1).
1726 2507 2016 2572 Omnino
2062 2509 2360 2571 maxima
2402 2508 2738 2572 Romanis
2782 2509 2968 2572 salus

789 2625 994 2687 etiam
1039 2646 1078 2688 e
1124 2634 1351 2688 mente
1397 2625 1575 2688 Livii
1619 2626 1796 2689 inest
1840 2627 1909 2688 in
1953 2626 2214 2707 proelio
2261 2628 2734 2701 detrectando;
2780 2625 2971 2688 Han-

787 2739 1003 2815 nibal,
1051 2760 1460 2822 quamquam
1504 2761 1776 2822 semper
1819 2741 2135 2817 invictuS‚
2183 2741 2542 2824 aliquoties
2566 2743 2654 2804 ab
2685 2741 2974 2822 inceptis

789 2856 925 2919 suis
972 2876 1125 2918 cum
1172 2856 1578 2920 detrimento
1625 2857 1952 2920 desistere
1999 2867 2276 2920 coactus
2319 2857 2449 2920 fuit
2464 2906 2479 2933 ‚
2525 2876 2675 2921 rare
2710 2867 2974 2920 tantum

789 2970 1009 3033 victor
1054 2991 1205 3034 esse
1248 2971 1486 3052 potuit.

878 3085 1013 3151 Cur
1057 3088 1383 3169 Polybius
1427 3098 1569 3151 tarn
1612 3089 1808 3153 brevi
1852 3088 2077 3171 tangit
2122 3108 2231 3151 res
2281 3109 2312 3150 2
2331 3093 2536 3151 16-2
2554 3109 2576 3150 1
2598 3110 2619 3149 1
2673 3088 2742 3150 in
2771 3086 2973 3150 Italia

790 3214 1025 3266 contra
1096 3203 1556 3269 Hannibalem
1622 3208 1899 3288 gestas?
1980 3202 2154 3269 Sunt
2172 3253 2186 3279 ‚
2257 3204 2527 3285 opinor,
2556 3232 2560 3236 ·
2590 3204 2704 3286 qui
2768 3213 2842 3266 ut
2899 3204 2971 3265 in

788 3321 975 3385 bello
1043 3322 1301 3385 Punico
1370 3322 1404 3384 I
1419 3371 1434 3398 ‚
1503 3323 1727 3385 studio
1790 3332 1859 3386 et
1917 3323 2059 3385 irae
2121 3323 2445 3384 adversus
2497 3321 2853 3384 Romanos
2896 3320 2970 3383 id

789 3436 1221 3500 tribuendum
1283 3459 1432 3502 esse
1495 3448 1846 3514 censeant;
1913 3440 2096 3520 quod
2140 3447 2368 3502 tamen
2414 3437 2686 3499 minime
2732 3455 2970 3499 verum

788 3564 910 3616 est.
1003 3551 1333 3616 Omnibus
1390 3555 1559 3617 locis
1605 3554 1850 3636 quibus
1894 3573 2110 3636 grave
2154 3552 2532 3634 periculum
2577 3554 2666 3614 ab
2712 3551 2971 3614 Hanni-

785 3669 944 3732 bale
990 3669 1324 3732 Romanis
1369 3669 1722 3732 imminens
1767 3668 2120 3751 proposuit
2149 3668 2479 3750 Polybius
2494 3716 2509 3743 ‚
2535 3667 2967 3731 occasionem

788 3785 1022 3866 arripit
1091 3785 1489 3848 ostendendi
1557 3795 1808 3868 quanta
1877 3785 2087 3847 virtus
2104 3832 2119 3859 ‚
2182 3793 2509 3866 quantum
2570 3784 2775 3845 robus
2839 3783 2968 3845 rei-

785 3898 1101 3980 publicae
1172 3909 1241 3962 et
1307 3900 1563 3963 civitati
1631 3900 1966 3962 Romanis
2032 3898 2232 3962 fuerit
2298 3919 2577 3962 necesse
2638 3898 2726 3961 sit
2742 3946 2756 3972 ,
2829 3919 2967 3980 qua

787 4014 961 4077 tales
1028 4016 1462 4080 sustinuerint
1529 4017 1950 4080 calamitates
2003 4015 2054 4098 ¹).
2159 4015 2399 4097 Itaque
2460 4014 2724 4078 etiamsi
2781 4014 2966 4077 vires

789 4130 1189 4195 Hannibalis
1254 4133 1386 4195 hoc
1455 4134 1611 4196 loco
1676 4133 1876 4196 nimis
1943 4132 2246 4195 auxisset
2261 4181 2276 4208 ‚
2344 4133 2414 4195 id
2481 4132 2570 4194 ad
2635 4130 2967 4194 maiorem

883 4373 920 4453 ¹)
962 4376 1081 4434 Cfr.
1124 4378 1228 4435 111.
1279 4396 1349 4455 75
1394 4385 1422 4450 ς
1465 4380 1528 4454 83
1571 4380 1734 4437 VHI.
1780 4399 1832 4438 c.
1879 4399 1948 4456 3,
1991 4388 2050 4438 et
2089 4376 2309 4456 passim
2347 4376 2499 4438 libro
2540 4378 2588 4435 Ι.
