3375 5084
1872 336 1955 407 64

816 525 981 586 editi
1045 534 1239 586 erant
1280 520 1353 603 ¹);
1415 526 1505 586 ad
1569 544 1723 597 e05‚
1773 537 1845 587 ut
1888 544 2094 605 supra
2138 524 2610 605 exposuimu5‚
2656 524 2792 585 iam
2841 522 3012 584 anti-

813 641 1040 722 quitus
1106 661 1261 703 cum
1328 641 1397 701 in
1458 641 1722 722 templo
1786 640 2171 722 Capitolino
2233 650 2666 702 servarentur
2681 688 2698 712 ,
2760 641 3015 701 breves

815 756 1199 837 adscriptae
1262 767 1455 819 erant
1512 758 1987 819 adnotationes
2005 805 2020 830 ,
2083 756 2328 838 quibus
2391 776 2502 818 τω
2561 756 3016 838 gravissimae

812 892 989 953 quae
1052 872 1341 953 singulis
1402 873 1594 934 annis
1654 873 2064 935 accidissent
2122 873 2494 934 memoriae
2563 880 3015 934 servarentur.

812 987 1115 1051 Eaedem
1164 989 1640 1051 adnotationes
1687 1000 1881 1052 erant
1926 990 2136 1051 etiam
2180 1009 2340 1071 pars
2354 1038 2369 1063 ,
2417 999 2488 1051 et
2533 989 2808 1069 quidem
2852 1007 3018 1069 pars

812 1107 1220 1188 gravissima
1290 1127 1702 1189 quamquam
1771 1107 2050 1169 minima
2069 1155 2084 1180 ,
2153 1106 2498 1168 annalium
2560 1106 3020 1168 maximorum

812 1222 929 1303 qui
1002 1232 1245 1303 postea
1322 1222 1487 1285 editi
1561 1232 1733 1285 sunt.
1847 1221 2160 1284 Iamvero
2236 1222 2482 1284 eodem
2554 1221 2760 1282 modo
2836 1220 3019 1280 aliae

814 1337 1211 1400 traditiones
1282 1349 1597 1401 servatae
1643 1348 1802 1400 sunt
1819 1386 1834 1411 ,
1881 1338 2290 1418 ubicumque
2334 1337 2612 1398 nomina
2655 1335 3021 1417 mag-istra-

814 1464 1005 1518 tuum
1068 1455 1428 1535 quotannis
1488 1455 1557 1516 in
1604 1464 2047 1535 conspectum
2094 1452 2384 1515 conferri
2429 1453 2747 1514 solebant
2763 1500 2778 1525 ,
2826 1451 3020 1531 quod

814 1567 1059 1631 fiebat:
2835 1617 2845 1628 .

903 1684 955 1747 Ι.
1016 1683 1097 1746 In
1156 1685 1418 1766 templo
1483 1683 1761 1746 Iunonis
1822 1684 2150 1746 Monetae
2188 1684 2265 1764 ²);
2328 1684 2457 1745 hos
2508 1683 2722 1744 libros
2765 1682 3022 1744 linteos

816 1800 932 1881 qui
1000 1800 1071 1862 in
1138 1820 1225 1862 eo
1287 1801 1548 1882 templo
1610 1801 1679 1862 in
1744 1820 1903 1863 arce
1961 1799 2346 1881 Capitolina
2403 1800 2852 1861 servabantur
2868 1846 2882 1871 ‚
2927 1799 3027 1858 ad

828 1926 1100 1997 tempus
1161 1926 1319 1978 ante
1379 1916 1566 1978 urbis
1626 1916 2011 1978 incendium
2072 1916 2459 1978 ascendisse
2522 1914 2820 2003 ostendit
2873 1912 3028 1974 Liv.

823 2029 943 2093 IV.
997 2051 1029 2110 7
1080 2032 1159 2113 (a.
1210 2032 1393 2111 444);
1440 2030 1560 2093 IV.
1617 2052 1692 2109 13
1742 2032 1821 2113 (a.
1872 2031 2053 2112 439);
2101 2029 2221 2093 IV.
2273 2051 2356 2093 20
2402 2031 2481 2112 (a.
2532 2030 2715 2110 428);
2763 2027 2883 2091 IV.
2939 2049 3024 2105 23

817 2146 897 2228 (a.
971 2147 1138 2228 424).
1230 2146 1323 2209 Iis
1393 2146 1727 2209 Licinium
1796 2146 2107 2210 Macrum
2167 2167 2363 2209 usum
2427 2166 2580 2208 esse
2642 2145 2737 2207 ait
2782 2144 3027 2206 Livius

815 2260 937 2324 IV.
989 2282 1090 2324 20.

904 2377 990 2440 H.
1082 2377 1164 2440 In
1230 2379 1493 2459 templo
1564 2377 1830 2441 Cereris
1892 2378 1981 2439 ad
2040 2377 2260 2439 forum
2320 2377 2666 2450 boarium3
2730 2376 2828 2438 ibi
2875 2385 3033 2437 erat

815 2494 1008 2575 quasi
1055 2495 1428 2557 sacrarium
1472 2495 1699 2576 plebis
1732 2495 1845 2557 vel
1875 2495 2102 2576 potius
2133 2495 2557 2556 tribunorum
2589 2504 2659 2556 et
2691 2492 3027 2555 aedilium

814 2611 1037 2691 plebis
1078 2609 1153 2692 ³);
1217 2621 1289 2674 et
1350 2631 1530 2673 anno
1596 2633 1726 2690 449
1792 2631 1942 2673 mos
1987 2611 2331 2673 institutus
2380 2621 2485 2673 est
2529 2609 2698 2692 (Liv.
2744 2609 2867 2671 III.
2918 2610 3035 2689 55)

817 2736 893 2788 ut
958 2737 1234 2789 senatus
1281 2727 1595 2790 consulta
1636 2727 1708 2788 in
1753 2727 1998 2788 aedem
2045 2725 2311 2789 Cereris
2356 2727 2444 2787 ad
2489 2726 2750 2787 aediles
2795 2724 3034 2806 plebis

682 2838 701 2852 ‘
814 2839 1271 2915 deferrentur;
1335 2840 1568 2922 itaque
1637 2842 1726 2903 ab
1774 2841 2110 2903 aedilibus
2157 2841 2363 2903 etiam
2409 2840 2658 2902 librum
2705 2839 3037 2901 annalem

908 3075 948 3154 ¹)
990 3076 1041 3132 E
1084 3074 1377 3151 probabili
1420 3074 1763 3134 coniectura
1805 3074 2187 3134 Mommsenii
2228 3074 2372 3155 (vid.
2419 3074 2545 3135 Cic.
2586 3094 2697 3152 pro
2730 3076 2889 3133 Mur.
2934 3094 2966 3133 1
2984 3095 3011 3133 1
3026 3120 3039 3133 .

816 3189 924 3249 253
969 3173 1048 3231 ad
1090 3175 1220 3230 Att.
1269 3174 1324 3229 6.
1378 3193 1429 3232 1.
1474 3175 1544 3247 83
1596 3175 1696 3246 183
1741 3174 1893 3232 Gell.
1941 3190 1994 3248 7.
2039 3194 2075 3249 9
2118 3172 2288 3253 alios)
2330 3176 2509 3233 Rom.
2554 3174 2779 3233 Chron.
2813 3192 2873 3249 p.
2912 3193 3042 3231 210

812 3291 899 3348 sq.
913 3292 930 3345 3
993 3269 1095 3347 qui
1139 3280 1459 3348 postquam
1503 3271 1764 3332 ostendit
1805 3270 2073 3331 Flavium
2115 3273 2298 3331 fastos
2341 3272 2686 3331 calendares
2727 3269 2788 3329 in
2827 3272 3041 3330 lucem

816 3368 1072 3428 edidisse
1114 3367 1201 3427 ita
1242 3369 1470 3447 pergit:
1513 3370 1609 3429 bei
1653 3370 1761 3429 der
1802 3389 1994 3448 engen
2035 3368 2460 3449 Verbindung,
2502 3370 2561 3428 in
2594 3371 2701 3429 der
2724 3371 2881 3447 Tag—
2905 3371 3044 3428 und

817 3467 1100 3543 Jahrtafel
1163 3466 1270 3525 mit
1333 3466 1613 3527 einander
1676 3470 1928 3528 standen
1946 3514 1961 3541 ,
2025 3467 2101 3527 ist
2163 3467 2645 3527 wahrscheinlich
2710 3469 2868 3527 auch
2934 3469 3044 3528 die

818 3563 1308 3642 Eponymeuliste
1366 3566 1460 3624 ein
1515 3565 1687 3625 Theil
1746 3567 1852 3626 des
1900 3564 2219 3625 flavischen
2261 3567 2678 3627 Rechtsbuchs
2723 3586 3006 3645 geweseu
3027 3614 3042 3633 .

815 3664 943 3723 und
998 3664 1189 3723 durch
1245 3663 1435 3723 dieses
1492 3675 1684 3724 zuerst
1745 3665 1882 3724 dem
1937 3663 2250 3724 Publicum
2292 3666 2631 3743 uberhaupt
2673 3664 3045 3744 zuganglieh

818 3762 1205 3840 gewordeu.”
1224 3756 1235 3765 ’
2305 3820 2311 3827 .

858 3859 954 3940 ·2)
1016 3861 1201 3935 Quod
1263 3860 1607 3920 dedicatum
1673 3872 1761 3921 est
1824 3880 1879 3920 a.
1944 3864 2060 3937 346
2118 3880 2174 3921 a.
2234 3864 2338 3937 C.‚
2397 3862 2515 3921 vid.
2576 3864 2803 3923 Becker
2847 3864 3043 3924 Rom.

822 3960 1076 4018 Alterth.
1136 3962 1183 4018 I.
1243 3978 1377 4038 pag.
1441 3980 1592 4036 409,
1649 3960 1776 4019 Liv.
1833 3961 1969 4019 VII.
2018 3962 2112 4018 28.
2195 3961 2357 4022 Libri
2397 3961 2561 4021 lintei
2604 3972 2708 4022 aut
2749 3973 2934 4021 antea
2980 3963 3047 4020 in

818 4057 933 4117 alio
994 4059 1129 4118 loco
1187 4057 1438 4132 servati,
1496 4070 1599 4118 aut
1653 4060 1901 4118 fortasse
1955 4077 2028 4117 eo
2078 4078 2235 4119 anno
2284 4062 2529 4119 demum
2573 4060 2828 4121 confecti
2877 4074 3046 4122 sunt.

788 4157 944 4215 ·Cfr.
990 4157 1167 4215 etiam
1212 4158 1542 4236 Schwegler
1585 4178 1645 4234 p.
1699 4175 1790 4231 17.

907 4252 954 4334 ³)
998 4255 1117 4314 Cfr.
1164 4257 1386 4315 Preller
1428 4258 1606 4315 Rom.
1651 4255 1844 4332 Myth.
1889 4275 1947 4330 p.
1994 4274 2108 4330 432
2155 4276 2283 4333 sqq.
2328 4259 2661 4336 Schwegler
2704 4261 2784 4318 II.
2816 4280 2878 4336 p.
2919 4279 3040 4338 255

823 4362 884 4413 et
929 4355 1044 4427 278
1087 4373 1175 4429 sq.
