3375 5084
1452 379 1531 439 37

398 561 537 619 τοῖν
588 550 773 616 δυοῖν
829 551 1381 630 διαιροῦντες
1427 553 1791 637 μοναρχίαν
1839 552 1958 633 μὲν
1995 557 2576 636 προςαγοριύουσιν

400 672 484 741 ὥς
550 665 662 731 δύο
735 670 1186 755 παρεχομένην
1260 667 1439 750 εἴδη,
1493 665 1679 733 δυοῖν
1724 651 2015 749 ὀνόμασι,
2068 664 2455 752 τυραννίδι,
2508 672 2579 734 τὸ

403 782 470 846 δὲ
537 780 848 869 βασιλικῇ
887 780 961 867 1),
1010 820 1093 831 —-
1146 790 1266 867 τὴν
1318 784 1386 848 δὲ
1433 781 1545 846 ὑπ’
1594 781 1831 862 ὀλίγων
1882 807 1951 864 γε
2001 789 2298 849 ἑκάστοτε
2348 805 2581 865 κρατη-

398 907 632 966 θεῖσαν
688 896 882 964 πόλιν
932 899 1394 983 ἀριστοκρατίᾳ
1445 900 1553 961 καὶ
1602 895 1973 983 ὀλιγαρχίᾳ,
2025 898 2459 980 δημοκρατίας
2508 921 2577 976 γε

394 1024 540 1098 μήν,
619 1013 795 1080 ἐάντ’
869 1009 982 1081 οὖν
1045 1017 1275 1101 βιαίως
1340 1019 1451 1082 ἐάν
1519 1038 1584 1076 τε
1647 1014 1950 1087 ἑκουσίως
2012 1014 2143 1080 τῶν
2200 1018 2313 1088 τὰς
2362 1013 2579 1086 οὐσίας

402 1136 678 1218 ἐχόντων
739 1135 810 1197 τὸ
860 1128 1113 1212 πλῆθος
1159 1137 1326 1217 ἄρχῃ
1378 1136 1486 1197 καὶ
1536 1135 1650 1196 ἐάν
1700 1155 1767 1196 τε
1817 1131 1964 1204 τούς
2019 1136 2251 1214 νόμους
2298 1128 2579 1213 ἀκριβῶς

404 1246 735 1330 φυλάττον
790 1250 902 1312 ἐάν
951 1272 1018 1313 τε
1063 1256 1146 1330 μή
1199 1248 1364 1331 (Pol.
1414 1268 1469 1311 e.
1518 1271 1558 1326 4
1604 1253 1636 1324 ἓ
1693 1234 2011 1331 ιὸεῦβρις
2039 1248 2147 1312 καὶ
2182 1245 2582 1331 παρανομία)

398 1374 656 1439 πάντως
719 1369 1006 1445 τοῦνομα
1055 1362 1265 1439 οὐδεὶς
1316 1365 1512 1446 αὐτῆς
1562 1366 1753 1428 εἴωθε
1800 1359 2267 1447 μεταλλάττειν
2317 1362 2578 1445 (Polyb.

397 1482 556 1545 huic
600 1481 860 1544 formae
905 1500 1153 1543 nomen
1199 1481 1386 1543 dedit
1429 1476 1866 1564 όχλοκρατίᾳ).
1910 1515 1993 1524 -
2034 1478 2138 1541 Ea
2168 1499 2294 1542 sex
2324 1498 2582 1561 genera

399 1606 628 1660 autem
643 1646 657 1671 ‚
720 1597 911 1660 addit
925 1645 940 1671 ,
1003 1617 1273 1678 semper
1334 1595 1521 1658 aliud
1580 1596 1649 1658 in
1696 1595 1881 1658 aliud
1926 1604 2291 1664 transeunt.
2383 1593 2579 1657 Haec

396 1713 727 1796 Polybius
771 1714 928 1776 ideo
973 1713 1401 1795 potissimum
1446 1733 1521 1775 se
1566 1711 1997 1793 praemisisse
2044 1712 2166 1785 ait,
2198 1720 2275 1774 ut
2304 1711 2580 1773 easdem

399 1829 587 1892 vices
633 1830 1002 1892 mutavisse
1048 1829 1539 1911 rempublicam
1595 1827 1986 1890 Romanam
2031 1836 2274 1908 postea
2304 1827 2578 1889 demon-

398 1954 644 2008 straret
687 1946 763 2028 (e.
814 1968 854 2023 4
901 1950 933 2021 5
990 1967 1011 2006 1
1026 1944 1114 2025 3);
1162 1948 1405 2008 eodem
1453 1945 1735 2008 consilio
1780 1944 1975 2006 brevi
2019 1944 2219 2006 huius
2264 1943 2576 2006 mutatio-

396 2061 531 2123 nis.
557 2062 888 2123 rationem
947 2070 1262 2141 exponet.
1352 2060 1500 2124 Iam
1565 2063 1697 2124 hoc
1758 2062 1913 2123 loco
1976 2064 2310 2122 auctorem
2369 2078 2577 2121 suum

397 2175 706 2239 nominat
768 2176 1158 2251 Platonem;
1229 2177 1605 2239 accuratius
1673 2175 1958 2239 fortasse
1978 2225 1992 2250 ‚
2057 2176 2153 2238 ait
2187 2174 2234 2255 ²)
2252 2223 2267 2248 ,
2337 2175 2424 2237 de
2494 2194 2579 2237 ea

398 2302 692 2374 egerunt
760 2292 960 2355 Plato
1029 2301 1099 2355 et
1166 2293 1284 2355 alii
1350 2293 1624 2373 quidam
1684 2291 2077 2373 philosophi
2117 2289 2160 2372 3)
2178 2339 2191 2365 ,
2252 2292 2373 2353 sed
2432 2310 2576 2352 rem

485 2602 526 2684 ¹)
567 2604 735 2664 Plato
789 2604 847 2662 h.
901 2605 939 2663 l.
992 2612 1283 2686 μοναρχίας
1336 2605 1458 2663 duo
1498 2622 1715 2681 genera
1768 2621 1893 2662 esse
1956 2601 2129 2676 dicit,
2184 2605 2466 2682 τυραννίδα
2522 2612 2581 2662 et

387 2709 707 2787 βασιλικήνς
752 2704 867 2763 hoc
908 2703 1190 2781 Polybius
1232 2701 1410 2762 etiam
1453 2701 1638 2762 voluit
1665 2702 1771 2762 sed
1801 2702 2024 2761 addere
2045 2699 2319 2779 neglexit.
2370 2702 2581 2776 Itaque

386 2801 670 2879 Polybius
732 2822 832 2862 sex
894 2803 1114 2862 formas
1177 2821 1303 2862 esse
1364 2810 1626 2861 statuens
1644 2847 1658 2875 ,
1724 2810 1950 2878 septem
2007 2819 2290 2878 generum
2340 2799 2580 2860 nomina

384 2901 620 2961 induxit
636 2949 650 2976 ‚
715 2921 909 2979 neque
969 2912 1130 2962 recte
1185 2900 1441 2980 intellegi
1494 2910 1693 2978 potest
1746 2899 1857 2960 nisi
1912 2901 2129 2960 collato
2171 2909 2415 2960 auctore
2456 2898 2579 2959 eius

384 3001 653 3060 Platone.

473 3098 526 3179 2)
566 3101 671 3159 VI.
713 3119 768 3159 e.
816 3118 846 3178 5
891 3107 920 3172 ξ
969 3120 1018 3159 1.

481 3196 530 3278 3)
590 3199 657 3256 P.
719 3200 830 3257 La-
831 3199 1040 3258 Roche
1093 3195 1580 3278 (Charakteristik
1635 3197 1739 3256 des
1793 3194 2104 3274 PolybiuS,
2153 3193 2354 3271 Leipz.
2404 3194 2581 3276 1857)

388 3318 451 3374 p.
516 3298 620 3355 18:
689 3297 1071 3374 „befremden
1126 3316 1292 3356 musz
1346 3316 1439 3371 οε,
1487 3297 1594 3356 das
1636 3297 1700 3356 er
1741 3297 1846 3355 des
1888 3294 2235 3354 Aristoteles
2276 3293 2441 3353 nicht
2479 3313 2580 3355 na-

388 3395 672 3455 mentlich
728 3397 1048 3456 erwahnt.'’
1136 3396 1333 3456 Credo
1389 3394 1666 3472 equidem
1713 3397 1790 3455 ad
1833 3394 2214 3463 Aristotelem
2254 3394 2361 3453 has
2401 3412 2579 3453 voces

386 3493 620 3572 Polybii
660 3495 992 3576 referendas
1033 3513 1191 3569 esse3
1235 3496 1339 3554 sed
1382 3513 1566 3553 unum
1607 3495 1915 3553 Platonem
1957 3493 2018 3551 in
2058 3492 2148 3552 his
2178 3491 2441 3569 sequitur
2457 3538 2472 3566 ,
2502 3491 2577 3552 de

389 3593 711 3654 Aristotele
754 3604 986 3654 tantum
1028 3593 1340 3672 cogitavit,
1383 3592 1522 3670 quia
1563 3602 1811 3653 noverat
1849 3592 2010 3651 hunc
2051 3601 2111 3652 et
2137 3590 2282 3651 alios
2310 3592 2386 3651 de
2404 3592 2580 3651 rebus

392 3691 644 3771 publicis
695 3692 1013 3771 scripsisse.
1097 3693 1212 3753 Sed
1255 3691 1590 3752 Aristotelis
1630 3691 1783 3753 ratio
1827 3700 1954 3752 toto
1996 3691 2164 3751 coelo
2207 3689 2503 3768 discrepat
2541 3710 2579 3748 a

385 3791 649 3853 Platonis
706 3802 766 3853 et
806 3790 1037 3870 Polybii
1078 3801 1136 3852 et
1175 3794 1365 3851 multo
1407 3790 1602 3851 sanior
1645 3801 1733 3851 est
1746 3813 1764 3866 3
1806 3791 1855 3850 is
1897 3790 2052 3851 enim
2094 3809 2325 3870 semper
2367 3790 2444 3848 ad
2485 3808 2578 3848 res

391 3901 585 3970 gestas
601 3937 616 3965 ‚
659 3892 739 3951 ad
780 3889 1090 3951 veritatem
1131 3901 1422 3968 provocat
1461 3910 1653 3968 neque
1676 3889 1966 3950 sententia
1986 3898 2369 3968 praesumpta
2387 3886 2576 3946 aciem

390 3990 704 4052 obcaecari
746 3990 983 4068 patitur.
1067 3990 1347 4068 Polybius
1389 3990 1595 4050 melius
1635 3989 1867 4050 fecisset
1909 3989 1957 4048 si
1997 3988 2059 4047 in
2100 3986 2432 4048 Aristotelis
2465 3989 2577 4047 Po-

385 4088 558 4149 liticis
613 4088 878 4168 legendis
934 4108 1212 4167 magnam
1267 4082 1511 4167 operam
1564 4089 1858 4167 posuisset
1874 4134 1888 4158 ‚
1941 4087 2044 4165 qui
2085 4086 2244 4147 enim
2286 4088 2361 4147 de
2401 4087 2577 4146 rebus

387 4188 641 4268 publicis
683 4189 927 4250 Graecis
967 4209 1087 4249 non
1129 4204 1191 4276 τῇ
1227 4198 1456 4274 τυχούσῃ
1497 4198 1701 4270 ,θεωρίᾳ
1743 4186 1929 4266 egerit
1941 4209 1960 4262 ,·
2001 4185 2249 4246 meliora
2277 4185 2578 4246 didicisset

388 4288 670 4365 Polybius
722 4290 797 4349 de
844 4286 1243 4347 vicissitudine
1298 4286 1602 4346 civitatum
1645 4285 1806 4367 (ideo
1847 4285 2090 4345 meliora
2131 4284 2272 4362 quia
2311 4284 2576 4344 nituntur

383 4389 563 4447 rebus
618 4385 846 4467 gestis),
901 4385 1136 4466 Platoni
1187 4384 1513 4460 contraria3
1570 4386 1674 4445 cfr.
1735 4384 1980 4445 Aristot.
2024 4383 2197 4445 Polit.
2242 4387 2315 4445 V.
2362 4403 2415 4443 c.
2466 4403 2570 4445 10:
