3375 5084
1835 343 1918 398 50

780 514 985 579 finem
1046 515 1190 577 eius
1254 514 1684 597 Olympiadis
1748 534 1884 596 qua
1942 516 2215 578 ineunte
2272 513 2625 596 Superbus
2687 535 2981 597 regnum

780 632 955 707 iniit,
1005 629 1111 694 Ol.
1161 635 1282 706 62,
1329 650 1388 694 a.
1438 651 1810 709 533—529.
1890 628 2151 712 Quodsi
2199 640 2668 712 computamus
2718 650 2846 708 530
2897 632 2973 711 -{-

792 768 914 825 140
977 747 1053 826 4-
1119 768 1202 825 39
1266 745 1572 828 (Numae)
1639 747 1716 827 —}-
1786 766 1864 826 37
1926 746 2250 828 (Romuli)
2300 749 2376 826 -Ι-
2432 767 2464 807 2
2518 766 2729 808 annos
2773 746 2978 808 inter-

780 863 977 945 regni
1017 859 1059 943 1>
1105 862 1492 925 obtinemus
1538 862 1725 924 urbis
1772 862 2087 925 conditae
2134 881 2382 923 annum
2433 867 2580 942 748.
2666 861 2980 924 Eundem

779 980 958 1042 hunc
1003 999 1359 1042 numerum
1404 979 1632 1060 posuit
1677 952 2127 1054 Fabius,'ol.
2177 983 2234 1041 8.
2292 1000 2314 1039 1
2372 978 2590 1061 (Dion.
2638 978 2688 1040 Ι.
2742 999 2855 1057 74:
2891 1015 2975 1023 —

779 1107 891 1181 τῆς
953 1094 1216 1178 ςΡώμης
1280 1099 1570 1179 οἷκισμόν
1602 1143 1616 1159 .
1646 1144 1660 1159 .
1692 1146 1706 1161 .
1735 1146 1749 1160 .
1816 1094 2128 1174 γενέσθαι
2191 1095 2345 1178 φησί
2374 1140 2389 1157 .
2418 1141 2432 1158 .
2463 1145 2477 1158 .
2508 1144 2522 1159 .
2573 1101 2856 1169 Κόιντος
2905 1096 2976 1161 δὲ

782 1189 1033 1298 Φάβιᾎς
1103 1218 1270 1277 κατὰ
1344 1218 1416 1278 τό
1490 1213 1749 1298 πρῶτον
1824 1210 1966 1284 ἔτος
2031 1218 2140 1292 τῆς
2212 1208 2449 1292 ὀγδόης
2519 1207 2977 1291 ὀλυμπιάδος);

781 1329 1010 1410 itaque
1053 1328 1125 1390 in
1169 1320 1362 1391 tanta
1409 1327 1801 1408 opinionum
1848 1327 2243 1389 diversitate
2289 1302 2435 1389 tute
2482 1335 2779 1388 statuere
2821 1345 2978 1406 pos-

781 1464 1012 1507 sumus
1065 1444 1431 1526 Polybium
1482 1463 1602 1506 eos
1647 1463 1964 1506 numeros
2011 1462 2217 1523 supra
2245 1442 2591 1510 collectos
2608 1490 2623 1516 ,
2670 1461 2840 1522 quos
2887 1442 2977 1503 de

782 1579 1025 1642 regum
1070 1559 1368 1641 imperiis
1413 1559 1691 1622 tradidit
1737 1579 2043 1640 quosque
2074 1578 2116 1620 a
2148 1557 2475 1622 Cicerone
2509 1556 2975 1639 cognovimus

783 1695 822 1737 e
867 1673 1065 1737 Fabii
1109 1674 1464 1736 annalibus
1509 1673 1848 1747 hausisse;
1898 1693 2033 1755 qua
2075 1674 2146 1735 in
2187 1693 2263 1735 re
2309 1672 2553 1753 praeiit
2590 1672 2979 1734 Mommsen

781 1791 843 1874 (1.
890 1790 972 1872 1.).
1041 1790 1348 1853 Niebuhr
1393 1791 1509 1872 qui
1554 1790 1974 1872 argumentis
2019 1799 2095 1852 ut
2139 1790 2317 1853 solet
2360 1809 2499 1851 non
2544 1789 2789 1851 additis
2835 1797 2970 1850 sta-

779 1907 908 1970 tuit
951 1907 1009 1969 F
1011 1907 1241 1987 abium
1291 1928 1419 1985 240
1465 1901 1677 1970 annos
1723 1927 1939 1989 regno
1986 1907 2307 1969 Romano
2340 1906 2609 1969 dedisse
2642 1905 2712 1986 2>,
2742 1915 2976 1968 tamen

780 2024 1147 2106 Polybium
1205 2025 1372 2087 nihil
1418 2026 1581 2087 dare
1628 2024 1976 2087 contendit
2020 2025 2147 2087 nisi
2193 2025 2377 2104 quod
2424 2044 2464 2086 e
2510 2023 2760 2086 tabulis
2805 2042 2973 2103 pon-

780 2138 1036 2203 tificum
1095 2140 1380 2222 legisset
1419 2140 1461 2221 ³)
1479 2189 1494 2215 ,
1556 2141 1762 2222 quod·
1802 2141 2179 2203 concedere
2239 2140 2428 2202 nullo
2484 2140 2689 2201 modo
2735 2142 2971 2219 possuss

781 2275 947 2318 muS.
1017 2253 1158 2319 Sed
1203 2265 1279 2318 ut
1325 2255 1479 2318 cum
1524 2254 1741 2318 Fabio
1758 2305 1773 2331 ‚
1804 2256 2208 2337 perantiquo
2239 2275 2465 2318 rerum
2497 2254 2972 2317 Romanarum

782 2381 1088 2446 auctore,
1139 2372 1422 2453 egregie
1467 2372 1640 2434 haec
1688 2372 2095 2435 conveniant
2116 2421 2130 2446 ‚
2178 2372 2308 2434 sibi
2352 2371 2598 2434 misere
2635 2370 2973 2433 contraria

783 2487 1017 2550 statuit
1075 2487 1405 2569 Polybius
1422 2537 1436 2562 ‚
1502 2508 1656 2550 cum
1720 2488 1996 2569 reliquis
2057 2487 2680 2551 ratiocinationibus
2743 2496 2812 2557 et
2856 2506 2975 2548 nu-

780 2604 984 2666 meris
1050 2604 1548 2684 praemitteret,
1618 2605 1719 2668 ὅτι
1785 2603 1891 2668 Ol.
1963 2624 2018 2683 7.
2085 2625 2116 2665 2
2171 2611 2289 2684 τὴν
2347 2605 2616 2684 εΡώμην
2669 2603 2970 2665 ἐκτίσθαι

783 2721 1120 2805 πείθομαι.
1214 2720 1273 2782 E
1343 2722 1608 2783 duobus
1676 2720 1975 2784 fontibus
2036 2740 2146 2783 res
2208 2720 2577 2783 contrarias
2635 2719 2859 2781 hausit
2906 2728 2978 2780 et

781 2845 1040 2898 temere
1086 2836 1154 2898 in
1198 2837 1495 2899 historiis
1542 2837 1924 2917 composuit
1961 2835 2023 2918 ⁴).

874 2950 1028 3034 Qua
1088 2953 1291 3033 culpa
1351 2953 1839 3035 neglegentiae
1857 3002 1871 3027 ‚
1927 2948 1990 3015 si'
2029 2953 2178 3034 ipse
2225 2953 2431 3016 etiam
2473 2972 2651 3014 nunc
2699 2970 2972 3014 causam

871 3267 915 3342 ¹)
972 3268 1104 3326 Hos
1158 3266 1310 3328 duos
1350 3286 1540 3328 amios
1582 3267 1901 3346 interregni
1946 3267 2125 3327 etiam
2167 3267 2228 3325 in
2273 3265 2605 3343 antiquiore
2645 3285 2853 3343 regum
2895 3283 2983 3323 re-

779 3363 1056 3424 censione
1097 3365 1498 3426 adsumendos
1541 3386 1698 3440 esse,
1746 3376 1812 3425 ut
1852 3386 2134 3425 numerus
2180 3386 2295 3438 240
2326 3366 2723 3442 compleatur,
2755 3374 2813 3422 et
2835 3362 2983 3422 alios

780 3475 846 3523 ut
909 3463 1246 3524 Diodorum
1307 3462 1520 3524 iterum
1583 3464 1806 3524 annum
1862 3485 2048 3524 unum
2107 3463 2426 3542 interregni
2482 3462 2785 3523 addidisse
2801 3509 2815 3536 ‚
2860 3479 2981 3538 quo

778 3565 946 3623 fieret
1009 3574 1075 3621 ut
1135 3565 1396 3624 Romulo
1463 3566 1539 3640 38
1600 3564 1741 3623 anni
1804 3563 2202 3624 tribuerentur
2227 3611 2241 3638 ‚
2316 3561 2484 3623 cuius
2545 3560 2759 3621 erroris
2820 3561 2982 3637 apud

780 3662 1130 3722 Ciceronem
1171 3662 1290 3720 iam
1333 3661 1620 3740 originem
1660 3661 1933 3722 videmus
1976 3682 2114 3721 cum
2157 3661 2301 3721 dicit
2345 3662 2584 3738 „paullo
2628 3679 2765 3719 cum
2806 3659 2984 3718 inter-

776 3761 944 3840 regni
983 3763 1104 3821 fere
1145 3760 1396 3838 amplius
1412 3762 1465 3835 ‚⁹⁹
1509 3760 1939 3821 demonstravit
1980 3762 2318 3820 Mommsen
2360 3762 2437 3819 R.
2482 3760 2703 3819 Chron.
2749 3779 2808 3835 p.
2847 3778 2980 3830 140.

863 3859 914 3942 ²)
970 3861 1141 3920 Nieb.
1198 3862 1274 3918 R.
1334 3860 1406 3919 G.
1454 3862 1501 3918 Ι.
1544 3880 1604 3936 p.
1651 3861 1799 3918 280:
1865 3860 2075 3936 „Nach
2116 3858 2335 3919 Fabius
2376 3858 2812 3935 Zeitrechnung
2862 3856 2985 3916 zer-

777 3959 902 4017 faut
958 3959 1053 4018 die
1108 3961 1286 4018 Rom.
1345 3959 1562 4018 Gesch.
1581 4004 1596 4032 ,
1653 3977 1772 4017 von
1828 3960 1935 4018 der
1991 3958 2330 4034 Grundung
2384 3957 2491 4016 der
2533 3956 2705 4015 Stadt
2742 3954 2835 4015 bis
2879 3975 2985 4013 zur

776 4047 1161 4135 Eroberung,
1222 4057 1284 4116 in
1351 4078 1466 4131 240
1520 4058 1698 4134 Jahre
1755 4066 1925 4116 unter
1977 4057 2099 4117 den
2158 4055 2437 4134 Konigen
2488 4056 2613 4114 und
2670 4075 2783 4113 120
2826 4055 2988 4113 nach

778 4157 1116 4216 denselben.

865 4254 913 4337 ³)
952 4258 1028 4316 R.
1074 4256 1147 4315 G.
1194 4258 1242 4315 I.
1286 4276 1345 4332 p.
1393 4272 1529 4330 272.

862 4352 913 4435 4)
968 4357 1137 4414 Idem
1195 4355 1317 4414 fere
1370 4356 1710 4414 Mommsen
1759 4355 1836 4411 R.
1895 4353 2115 4412 Chron.
2158 4373 2218 4430 p.
2269 4354 2414 4413 128:
2478 4351 2759 4429 Polybius
2800 4359 2988 4424 setzt,
