3375 5084
1388 352 1508 412 207

364 526 536 589 scire
583 525 941 589 videretur.
991 562 1072 570 —
1120 525 1266 587 Iam
1311 526 1380 587 in
1424 525 1654 607 primis
1699 525 1769 587 V
1813 527 2000 590 libris
2045 527 2305 609 aliquot
2332 519 2536 591 vesti-

359 642 480 724 gia
524 651 794 716 extant;
842 642 926 705 H.
975 662 1030 705 c.
1089 665 1110 703 1
1129 663 1161 704 2
1182 690 1196 717 ,
1243 661 1485 723 pacem
1533 663 1575 704 a
1619 643 1955 706 Romanis
2002 664 2154 707 cum
2198 644 2421 707 Teuta
2466 654 2535 707 et

358 758 610 840 Illyriis
655 757 907 822 factam
922 807 936 834 ‚
984 758 1115 821 huc
1160 757 1413 833 refero;
1460 759 1651 822 addit
1681 761 1860 823 enim
1890 760 2160 843 legatos
2180 760 2537 824 Romanos

356 874 591 955 paullo
649 883 808 956 post
867 895 911 938 a
969 871 1213 937 Fulvio
1267 859 1369 937 ad¹
1400 873 1724 938 Achaeos
1766 876 2009 939 missos
2025 924 2040 951 ‚
2087 896 2240 939 cum
2291 876 2424 938 alia
2468 876 2538 937 in

358 991 672 1053 contione
735 991 1130 1078 exposuisse
1192 991 1278 1053 de
1342 992 1562 1055 causis
1605 992 1774 1055 belli
1819 992 2041 1073 deque
2085 994 2289 1055 rebus
2333 992 2404 1054 in
2450 1012 2534 1054 eo

359 1106 576 1188 gestis
593 1155 607 1181 ‚
657 1117 801 1170 tum
845 1107 1035 1188 pacis
1082 1107 1503 1170 conditiones
1547 1107 1957 1171 recitavisse.
2025 1107 2392 1171 Praeterea
2431 1127 2538 1170 ex.

358 1242 460 1304 gr.
531 1221 651 1285 IV.
714 1243 768 1286 c.
843 1246 864 1285 1
881 1244 916 1302 5
982 1227 1014 1299 5
1064 1228 1100 1286 8
1149 1243 1292 1305 sqq.
1339 1224 1617 1286 decreta
1660 1225 1749 1285 ab
1794 1222 2065 1286 Aetolis
2110 1224 2178 1285 in
2224 1224 2538 1287 contione

359 1336 541 1401 facta
601 1359 726 1421 per
779 1340 1049 1422 legatos
1104 1359 1260 1403 cum
1304 1339 1606 1403 Achaeis
1652 1340 2246 1403 communicantur.
2335 1339 2396 1402 E
2441 1349 2539 1403 ta-

360 1454 627 1519 bulario
706 1457 1170 1538 expromenda
1237 1466 1428 1520 erant
1496 1465 1650 1520 acta
1718 1458 2138 1539 contionum,
2210 1476 2254 1519 a
2320 1457 2544 1519 scriba

358 1571 636 1650 publico
695 1572 937 1635 litteris
998 1573 1317 1636 mandata
1377 1573 1805 1655 (γραμματεύς
1855 1577 2069 1647 κοινὸς
2122 1577 2190 1637 ἐκ
2239 1569 2541 1656 περιόδου

363 1684 919 1771 προχειριζόμενος
990 1688 1075 1751 Π.
1146 1710 1228 1767 43
1302 1694 1333 1765 5
1412 1688 1497 1768 1),
1558 1709 1775 1771 eaque
1834 1688 2169 1754 interdum
2236 1688 2545 1752 adhibuit

360 1802 722 1886 Polybius,
782 1803 902 1868 IV.
967 1824 1025 1868 c.
1073 1827 1113 1882 4
1161 1811 1192 1882 5
1249 1827 1271 1867 1
1328 1814 1398 1868 et
1451 1826 1523 1884 15
1575 1812 1606 1883 5
1663 1829 1829 1884 1-——4
1876 1803 1954 1889 ἦν
2006 1804 2074 1872 δὲ
2124 1808 2205 1868 τὰ
2253 1803 2541 1884 δόξαντα

361 1925 500 1994 τοῖς
564 1918 875 2007 Ἀχαιοῖς
940 1928 1146 1988 ταῦτα
1188 1918 1266 2005 1>;
1327 1921 1446 1985 IV.
1511 1943 1566 1986 c.
1632 1943 1711 2001 25
1777 1923 2062 1986 traditur
2106 1924 2454 1986 decretum
2501 1944 2544 1985 a

360 2036 563 2100 sociis
625 2057 779 2100 cum
838 2036 1157 2122 Philippo
1219 2035 1473 2101 factum
1489 2087 1503 2113 ‚
1564 2058 1701 2120 quo
1755 2039 2016 2102 bellum
2059 2039 2332 2102 Aetolis
2376 2038 2542 2101 indi-

362 2162 661 2228 ceretur3
730 2152 800 2215 id
868 2153 1074 2215 etiam
1140 2154 1230 2215 ad
1295 2154 1701 2217 tabularium
1769 2153 2151 2218 Achaicum
2215 2153 2509 2243 pertinet
2526 2202 2542 2228 ,

364 2289 423 2331 c.
497 2275 577 2332 26
648 2274 680 2346 5
742 2292 781 2347 4
845 2269 1023 2332 enim
1082 2269 1367 2332 traditur
1420 2269 1550 2332 hoc
1597 2270 1948 2333 decretum
1993 2273 2083 2334 ab
2127 2270 2430 2333 Achaeis
2475 2270 2545 2332 in

362 2386 679 2448 contione
739 2386 1044 2448 auditum
1100 2394 1171 2448 et
1229 2394 1587 2467 acceptum
1632 2404 1802 2450 esse.
1892 2385 2116 2449 Etiam
2160 2385 2245 2448 V.
2296 2407 2371 2465 91
2428 2406 2545 2448 ex-

363 2502 632 2584 scripsit
713 2506 794 2566 τὰ
867 2489 1152 2577 δόξαντα
1222 2509 1356 2575 τοῖς
1430 2499 1743 2587 Ἀχαιοῖς
1811 2500 1883 2564 in
1948 2501 2261 2564 contione
2330 2500 2546 2584 Aegii

365 2618 619 2706 habita.

455 2734 535 2796 In
594 2733 700 2797 his
760 2732 827 2795 V
885 2733 1074 2796 libris
1133 2733 1462 2816 Polybius
1522 2754 1630 2797 res
1693 2733 1993 2825 Graecas
2040 2753 2357 2797 enarrans
2402 2732 2545 2796 fere

365 2850 659 2933 primum
702 2850 929 2913 locum
959 2849 1260 2914 Achaeis
1293 2851 1628 2914 concessit
1641 2899 1658 2925 ,
1692 2870 2013 2934 magnam
2033 2859 2299 2932 partem
2322 2869 2547 2912 rerum

370 2986 541 3048 quas
587 2967 941 3048 descripsit
986 2968 1074 3029 ad
1119 2965 1535 3031 Societatem
1579 2966 1961 3030 Achaicam
2001 2966 2263 3029 rettulit
2278 3013 2293 3040 ‚
2341 2968 2429 3029 ab
2463 2985 2549 3028 ea

370 3103 580 3165 saepe
639 3084 934 3147 narratio
994 3081 1456 3166 proficiscitur.
1549 3082 1730 3165 Quin
1782 3083 1986 3146 etiam
2032 3084 2120 3145 ad
2164 3091 2549 3164 temporum

368 3199 702 3262 rationem
746 3199 877 3263 hoc
920 3200 1231 3282 pertinet.
1301 3199 1570 3263 Achaei
1613 3202 1703 3263 ad
1733 3219 1980 3262 annum
2005 3220 2038 3261 2
2057 3221 2078 3260 1
2094 3202 2133 3261 6
2161 3206 2549 3280 praetorem

369 3334 604 3378 creare
673 3316 984 3378 solebant
1050 3316 1232 3380 circa
1299 3316 1594 3379 mediam
1653 3324 1983 3379 aestatem
2044 3317 2188 3397 περὶ
2259 3319 2376 3396 τὴν
2437 3319 2548 3392 τῆς

370 3427 677 3520 πλειάδος
743 3431 1068 3514 ἐπιτολήν.
1162 3432 1365 3497 Hunc
1426 3452 1682 3495 morem
1744 3451 1803 3494 a.
1870 3450 1990 3508 215
2041 3430 2138 3493 ita
2181 3428 2548 3492 mutavisse

370 3546 689 3610 videntur
703 3595 716 3621 ,
777 3557 854 3611 ut
915 3549 1003 3610 ab
1065 3567 1150 3610 eo
1212 3568 1388 3610 anno
1444 3556 1804 3612 auctumno
1849 3546 2125 3608 ineunte
2168 3545 2329 3631 (kal.
2379 3542 2548 3623 Oct.)

372 3663 848 3746 magistratum
894 3664 1271 3728 creaverint
1308 3664 1369 3746 2).
1458 3662 1788 3745 Polybius
1830 3671 2059 3725 autem
2106 3661 2311 3724 etiam
2357 3659 2548 3722 annis

466 3881 507 3963 ¹)
550 3881 766 3944 Contio
805 3882 945 3942 anni
990 3903 1104 3943 220
1120 3928 1136 3958 ‚
1165 3882 1364 3960 paullo
1390 3890 1528 3942 ante
1554 3849 1851 3941 socidrum
1872 3888 2232 3940 conventum
2255 3876 2523 3938 Corinthi
2536 3921 2551 3950 ,

367 3980 543 4042 cuius
583 3981 807 4042 mentio
844 3984 911 4040 fit
950 3983 1053 4042 I'V.
1105 4002 1178 4055 14
1219 3991 1279 4042 et
1323 3998 1395 4058 25
1413 4002 1431 4056 3
1472 3978 1672 4057 itaque
1715 3999 1766 4039 c.
1814 3998 1888 4051 14
1929 3985 1957 4050 5
1991 3997 2017 4036 1
2050 3986 2181 4058 μετά
2205 4004 2346 4046 τινας
2362 3983 2556 4057 ἡμέρας

369 4091 463 4142 est
515 4080 720 4158 paucis
761 4080 967 4142 diebus
1007 4090 1145 4158 post
1184 4098 1447 4160 pugnam
1488 4078 1567 4140 ad
1607 4078 1884 4157 Caphyas
1900 4120 1916 4151 ,
1958 4095 2081 4136 non
2120 4083 2258 4153 post
2300 4093 2553 4135 conven-

371 4190 502 4240 tum
546 4178 813 4240 Corinthi
849 4176 1133 4239 habitum.

461 4276 513 4358 2)
553 4280 619 4338 Ρ.
661 4280 766 4338 rv.
809 4297 862 4337 c.
906 4292 979 4354 37
1021 4278 1253 4359 (Ἀχαιοὶ
1286 4267 1352 4340 δὲ
1384 4274 1568 4358 2⁶20).
1631 4277 1725 4335 Ita
1751 4272 2007 4334 sentiunt
2028 4273 2274 4347 Schorn,
2295 4274 2550 4332 Momm-

377 4395 483 4437 sen
525 4376 731 4439 Philol.
775 4396 869 4450 24.
918 4376 990 4435 18
1006 4420 1022 4450 ‚
1064 4374 1277 4436 Nissen
1317 4374 1372 4435 ei
1411 4392 1678 4435 assensus
1718 4382 1825 4433 est.
