3375 5084
1797 333 1917 375 100

762 505 1033 569 tablinis
1080 506 1443 589 gentiliciis
1488 507 1604 569 vel
1648 506 1832 569 fama
1876 505 2190 589 populari
2226 506 2669 586 depromptae
2703 509 2950 573 essent,

759 641 896 684 non
964 622 1108 685 sine
1176 623 1456 686 libidine
1526 624 1615 685 ad
1682 643 1933 689 annum
1995 622 2294 703 aliquem
2364 630 2557 699 erant
2582 686 2588 693 x
2618 619 2948 681 adiectae.

761 736 878 799 Ad
944 738 1100 801 illas
1171 737 1438 801 fabulas
1498 738 1841 820 pertinent
1899 757 2136 820 pugna
2198 736 2436 800 Manlii
2497 734 2671 818 (VII.
2735 753 2789 796 c,
2854 731 2951 811 9),

758 852 1020 917 Valerii
1089 853 1292 917 Corvi
1349 853 1525 936 (VII.
1588 874 1644 918 c.
1714 852 1849 935 26),
1910 854 2118 929 aliae;
2173 854 2263 916 ad
2303 851 2721 917 narrationes
2764 847 2952 910 fama

758 968 1197 1034 victoriarum
1257 991 1301 1032 a
1355 969 1563 1033 Furio
1611 980 1682 1033 et
1728 969 2046 1051 Quinctio
2092 970 2328 1032 Penno
2376 968 2672 1050 quodam
2718 983 2950 1046 repor-

757 1095 1052 1150 tatarum
1069 1136 1083 1161 ‚
1146 1097 1216 1150 et
1262 1107 1417 1150 cum
1461 1088 1720 1151 multae
1767 1088 1942 1150 aliae
1990 1086 2317 1150 victoriae
2365 1095 2434 1149 et
2478 1103 2756 1167 pugnae
2801 1090 2952 1143 tum

755 1201 938 1265 fama
1005 1202 1299 1285 legionis
1366 1203 1731 1266 Romanae
1795 1204 1865 1266 in
1933 1222 2103 1286 agro
2167 1201 2553 1265 Camertino
2614 1198 2806 1263 fusae
2878 1205 2952 1258 et

756 1321 1029 1382 deletae
1092 1319 1205 1403 (X.
1268 1340 1324 1383 c.
1392 1319 1511 1401 26).
1604 1318 1750 1384 Sed
1806 1340 1945 1383 non
2000 1339 2290 1401 parvum
2332 1316 2838 1385 incommodum
2884 1313 2953 1375 ei

754 1436 1134 1518 praebebat
1179 1436 1363 1517 quod
1407 1437 1497 1498 ab
1543 1436 1694 1498 aliis
1744 1436 2087 1498 annalium
2133 1434 2523 1515 auctoribus
2569 1431 2744 1495 aliae
2790 1447 2943 1491 nar-

755 1551 1051 1614 rationes
1113 1551 1401 1614 omissae
1464 1561 1656 1614 erant
1673 1601 1686 1627 ‚
1748 1553 1836 1614 ab
1882 1551 2034 1635 aliis
2079 1551 2169 1614 ad
2215 1551 2521 1614 diversos
2567 1567 2781 1611 annos
2828 1564 2947 1626 ap-

755 1666 1046 1747 positae,
1094 1668 1183 1729 ab
1243 1666 1392 1729 aliis
1436 1687 1573 1729 non
1620 1666 1710 1729 ad
1755 1665 1995 1731 Gallos
2011 1717 2025 1742 ,
2072 1668 2195 1729 sed
2241 1667 2330 1728 ad
2377 1665 2550 1731 alios
2594 1664 2950 1727 Romano·

755 1802 905 1844 rum
950 1783 1184 1846 hostes
1229 1783 1487 1846 relatae
1534 1783 1622 1866 (id
1667 1782 1924 1847 factum
1970 1789 2076 1849 est
2119 1782 2213 1846 X.
2262 1803 2321 1865 c..
2355 1781 2475 1863 26).
2547 1778 2689 1844 Sed
2719 1784 2953 1841 tamen

756 1898 963 1961 series
1025 1900 1362 1979 quaedam
1407 1919 1737 1962 annorum
1782 1899 1947 1962 satis
1992 1909 2181 1963 certa
2225 1898 2585 1963 constabat
2629 1914 2808 1977 quae
2854 1912 2951 1955 ex

756 2014 1234 2095 antiquissimis
1294 2013 1583 2078 fortasse
1640 2014 1830 2078 libris
1874 2024 2142 2091 notata,
2189 2019 2315 2096 per
2358 2012 2585 2076 varios
2633 2030 2831 2074 casus
2880 2018 2952 2071 et

755 2130 945 2192 varia
1034 2130 1453 2194 incrementa
1542 2133 1815 2195 turbata
1831 2180 1846 2206 ‚
1932 2131 2264 2195 eiusmodi
2344 2140 2578 2194 tamen
2652 2126 2954 2209 vestigia

753 2246 1101 2327 reliquerit
1158 2255 1236 2309 ut
1297 2266 1453 2309 cum
1513 2246 1748 2309 Livius
1810 2268 1849 2310 e
1912 2246 2100 2310 libris
2154 2247 2497 2309 annalium
2543 2244 2955 2326 scriptorum

753 2370 896 2423 tum
959 2381 1084 2423 nos
1147 2381 1186 2423 e
1247 2361 1444 2425 Livio
1500 2361 1820 2443 reliquias
1873 2363 2018 2426 eius
2065 2381 2585 2446 cognoscamus,
2676 2360 2950 2440 Nempe

751 2476 984 2539 Livius
1047 2476 1140 2539 X.
1211 2483 1289 2540 26
1309 2526 1324 2552 ‚
1384 2487 1748 2560 postquam
1813 2479 2079 2559 cladem
2126 2478 2446 2560 exposuit
2491 2476 2832 2541 Romanis
2880 2474 2953 2536 in

752 2612 923 2675 agro
1002 2591 1388 2655 Camertino
1466 2593 1750 2656 allatum
1832 2603 2025 2669 „sunt
2092 2594 2208 2676 qui
2225 2642 2240 2668 ‚
2316 2593 2535 2676 inquit
2550 2641 2565 2667 ‚
2643 2591 2951 2654 Umbros

750 2708 957 2783 fuisse
974 2758 989 2784 ‚
1050 2730 1190 2772 non
1251 2708 1491 2774 Gallos
1506 2759 1522 2784 ,
1582 2712 1855 2774 tradant
1871 2759 1887 2786 ,
1939 2731 2068 2774 nec
2125 2712 2391 2773 tantum
2438 2709 2653 2772 cladis
2701 2727 2946 2789 accep-

749 2826 944 2889 tum.'’
1035 2801 1397 2907 Quomodo
1459 2812 1693 2888 Livius
1753 2808 1929 2890 hanc
1985 2826 2372 2908 opinionem
2428 2824 2726 2888 refellit?
2795 2822 2960 2886 Non

748 2950 1081 3022 provocat
1141 2943 1231 3003 ad
1290 2941 1620 3005 maiorem
1674 2951 1940 3023 partem
2000 2952 2352 3005 auctorum
2362 2990 2384 3016 .,
2432 2950 2510 3004 ut
2554 2939 2756 3018 alibi3
2804 2942 2957 3002 tan·

751 3058 1100 3120 tummodo
1163 3058 1289 3119 ait:
1359 3056 1678 3133 „similius
1739 3078 1905 3121 vero
1969 3068 2072 3122 est
2133 3079 2174 3120 a
2232 3057 2436 3122 Gallo
2494 3057 2697 3119 hoste
2743 3059 2957 3137 qu'am

749 3169 1015 3232 Umbro
1080 3190 1234 3233 eam
1294 3171 1564 3234 cladem
1624 3182 1983 3254 acceptam
1999 3222 2014 3248 ‚
2077 3175 2263 3255 quod
2321 3194 2475 3236 cum
2535 3178 2731 3257 saepe
2777 3169 2963 3234 alias

750 3288 896 3346 tum
959 3305 1030 3347 eo
1086 3306 1267 3348 anno
1318 3285 1575 3350 Gallici
1611 3288 1948 3352 tumultus
1983 3286 2398 3373 praecipuus
2444 3293 2668 3351 terror
2715 3284 2957 3349 cinda-

751 3403 882 3461 lem
966 3398 1237 3464 tenuz't.''
1351 3401 1593 3484 Itaque
1687 3404 1870 3485 quod
1955 3424 2038 3467 eo
2127 3423 2305 3467 anno
2389 3404 2669 3467 Romae
2764 3401 2963 3466 Galli

752 3515 1230 3579 metuebantur
1244 3565 1259 3591 ‚
1338 3528 1744 3600 argumento
1817 3519 1882 3581 ei
1950 3529 2056 3582 est
2124 3518 2365 3583 Gallos
2431 3521 2612 3582 hanc
2683 3519 2966 3581 cladem

749 3630 1088 3693 Romanis
1156 3632 1478 3696 intulisse.
1590 3632 1731 3697 Sed
1798 3636 1978 3698 unde
2046 3637 2180 3699 hoc
2250 3637 2627 3719 cognovit?
2713 3632 2793 3699 Si
2868 3654 2968 3697 ex

752 3747 1011 3810 eisdem
1063 3747 1254 3810 libris
1271 3797 1285 3822 ‚
1334 3759 1811 3831 argumentum
1857 3752 2118 3814 nullum
2165 3761 2327 3815 erat.
2377 3789 2461 3797 —-
2511 3751 2614 3815 At
2631 3800 2645 3827 ,
2694 3751 2927 3832 inquis
2948 3799 2965 3818 .

751 3882 987 3925 omnes
1053 3864 1139 3925 de
1185 3872 1374 3926 metu
1420 3863 1668 3927 civium
1715 3844 2155 3947 exponebant
2172 3916 2187 3942 ‚
2235 3867 2498 3949 aliquot
2541 3876 2818 3929 tantum
2869 3867 2966 3928 de

754 3978 969 4039 clade.
1020 4014 1101 4022 —
1150 3977 1444 4054 Verum,
1492 3979 1550 4042 si
1575 3980 1728 4045 ,hoc
1773 3982 1993 4043 solum
2039 3982 2425 4065 significare
2460 3983 2681 4051 vellet
2710 3981 2966 4044 Livius

754 4091 827 4153 id
885 4092 1282 4168 indicasset,
1345 4114 1569 4176 neque
1633 4115 1842 4159 causa
1903 4107 2085 4160 esset
2129 4119 2253 4162 cur
2294 4119 2434 4162 non
2479 4097 2843 4162 statuisset
2891 4108 2970 4161 et

753 4204 1109 4270 Gallorum
1154 4188 1414 4290 motum
1461 4230 1545 4272 eo
1592 4188 1772 4274 anno
1815 4213 2205 4276 nunciatum
2237 4235 2387 4278 esse
2405 4264 2420 4290 ‚
2453 4224 2525 4279 et
2550 4216 2642 4278 ab
2667 4215 2968 4278 Umbris

750 4319 1107 4384 Romanos
1152 4323 1590 4406 impugnatos
1637 4346 1805 4408 esse.
1890 4328 2261 4393 Praeterea
2277 4378 2293 4404 ,
2341 4331 2508 4413 quid
2553 4331 2690 4395 sibi
2735 4332 2972 4396 vellet
