3375 5084
1849 342 1973 414 238

815 528 1337 592 Macedonicum
1383 530 1773 610 anteposuit
1817 529 2274 610 Peloponnesi
2312 528 2610 591 libertati
2634 526 3012 590 Cleomene

814 646 1006 708 duce.
1109 645 1260 707 Res
1330 644 1672 708 Achaicas
1742 645 2135 708 describens
2201 645 2530 725 Polybius
2599 653 2674 705 ut
2733 661 3012 722 semper

813 759 974 823 fecit
1043 781 1333 842 aequum
1402 761 1725 824 iudicium
1794 760 1971 824 ferre
2032 761 2294 824 sincere
2357 770 2638 823 conatus
2701 768 2837 833 est;
2894 757 3017 838 qui

813 874 1220 939 voluntatem
1266 896 1429 939 vere
1476 876 1816 939 iudicandi
1863 875 1927 939 ei
1957 874 2253 939 defuisse
2285 875 2714 948 contendunt,
2749 872 3019 936 scilicet

815 992 1009 1055 obliti
1071 1013 1145 1055 se
1202 993 1388 1074 ipsos
1444 993 1670 1055 omnia
1717 1002 2120 1075 argumenta
2164 993 2251 1054 ad
2299 991 2618 1054 iudicium
2664 990 3014 1051 diversum

815 1106 1371 1171 conformandum
1419 1129 1509 1170 ex
1554 1109 1704 1189 ipso
1751 1108 2044 1190 Polybio
2089 1118 2326 1190 petere
2373 1117 2445 1170 et
2490 1116 2725 1188 petere
2774 1124 2984 1187 posse
3001 1152 3015 1178 ,

811 1234 1070 1288 temere
1116 1225 1422 1287 minuunt
1467 1225 1933 1307 integritatem
1979 1225 2177 1287 huius
2223 1224 2460 1306 optimi
2508 1223 2635 1285 viri
2650 1271 2665 1297 ‚
2711 1242 2889 1303 quae
2936 1230 3016 1283 ut

811 1341 1043 1404 dicunt
1087 1361 1354 1423 quaque
1400 1340 1543 1404 fere
1587 1342 1846 1424 pagina
1892 1342 2148 1417 elucet;
2196 1342 2319 1404 sed
2364 1351 2595 1404 tamen
2620 1360 2774 1403 cum
2798 1338 3015 1400 etiam

812 1477 922 1519 res
981 1457 1441 1538 Peloponnesi
1501 1458 1589 1519 ad
1651 1458 1886 1539 legem
1949 1457 2213 1521 virtutis
2260 1457 2544 1539 exigere
2592 1464 2663 1518 et
2706 1455 3012 1517 iudicare

812 1572 1028 1635 vellet
1044 1620 1058 1647 ,
1115 1593 1270 1635 eum
1315 1571 1588 1648 fefellit,
1634 1575 1818 1654 quod
1864 1574 1932 1635 in
1978 1574 2122 1636 eius
2166 1573 2344 1655 legis
2391 1572 2618 1636 locum
2663 1568 3017 1666 substituit

758 1766 764 1772 Ι
814 1688 1039 1751 studia
1051 1688 1345 1769 partium
1361 1709 1496 1750 non
1512 1709 1634 1751 sua
1651 1689 1817 1771 (ipse
1835 1689 2014 1751 enim
2034 1699 2176 1751 tum
2196 1709 2348 1752 cum
2362 1689 2691 1751 scriberet
2706 1686 3013 1749 Romam

817 1801 1151 1867 Graeciae
1168 1852 1183 1877 ,
1249 1804 1454 1866 etiam
1516 1804 1827 1883 Achaiae
1888 1805 2025 1866 iam
2085 1804 2554 1886 praetulerat),
2602 1803 2724 1865 sed
2771 1800 2976 1864 Arati
3002 1849 3016 1875 ‚

819 1919 1188 1983 amicorum
1232 1930 1399 1983 natu
1441 1921 1775 1983 maiorum
1791 1969 1806 1996 ,
1852 1922 2063 2002 patris
2110 1922 2420 2003 denique.
2514 1919 2685 1983 Cum
2737 1919 3017 1981 Romae

816 2037 1104 2118 degeret
1120 2085 1134 2110 ,
1194 2036 1426 2119 imago
1491 2036 2048 2118 Philopoemenis
2094 2039 2204 2101 cui
2249 2038 2396 2119 ipse
2440 2056 2613 2119 puer
2658 2054 3015 2117 supremos

817 2151 972 2213 tulit
1016 2153 1308 2215 honores
1326 2201 1340 2227 ‚
1388 2151 1687 2215 virorum
1734 2152 2473 2235 Megalopolitanorum
2505 2153 2750 2233 quibus
2782 2150 3014 2212 odium

818 2261 1107 2348 Spartae
1175 2267 1467 2331 Aratum
1537 2269 1746 2330 etiam
1816 2269 2144 2331 cariorem
2199 2268 2459 2332 fecerat
2475 2317 2489 2343 ‚
2552 2266 2754 2329 Arati
2811 2284 3015 2346 quem

820 2382 1020 2444 amici
1103 2382 1314 2464 patris
1382 2391 1707 2464 tanquam
1775 2385 2055 2447 heroem
2123 2405 2317 2447 suum
2385 2384 2706 2448 colebant
2723 2431 2738 2457 ‚
2809 2382 3015 2444 etiam

815 2499 1045 2562 vivida
1092 2500 1156 2561 ei
1202 2501 1697 2563 obversabatur
1714 2551 1728 2577 ‚
1777 2511 1847 2564 et
1893 2521 2046 2564 cum
2091 2522 2200 2564 res
2245 2501 2506 2583 priores
2550 2497 3014 2579 Peloponnesi

819 2615 1186 2677 memoriae
1228 2593 1680 2678 'mandaturus
1744 2626 1925 2679 esset
1943 2666 1956 2690 ,
2002 2617 2107 2679 his
2153 2616 2739 2679 recordationibus
2784 2614 3015 2676 iuven-

814 2731 977 2793 tutis
1043 2731 1140 2793 ita
1208 2750 1282 2792 se
1346 2731 1535 2794 dedit
1552 2780 1567 2806 ‚
1629 2741 1705 2794 ut
1768 2752 2177 2813 quamquam
2232 2732 2379 2813 ipse
2426 2741 2660 2812 partes
2706 2730 3016 2811 elegerat

817 2866 986 2926 quas
1050 2865 1276 2927 neque
1346 2844 1567 2908 Arato
1586 2894 1601 2918 ,
1669 2867 1895 2928 neque
1963 2847 2486 2929 Philopoemeni
2547 2856 2617 2909 et
2672 2846 3017 2928 Lycortae

815 2961 871 3023 si
939 2970 1083 3023 tum
1150 2959 1434 3023 fuissent
1508 2961 1651 3023 ullo
1720 2963 1925 3024 modo
1994 2964 2285 3044 probare
2353 2962 2690 3043 potuisset
2707 3010 2722 3036 ‚
2795 2980 3019 3022 novae

817 3077 1196 3140 sententiae
1266 3077 1470 3158 plane
1540 3078 1896 3140 immemor
1912 3128 1927 3154 ‚
1992 3099 2268 3141 causam
2329 3078 2532 3141 Arati
2588 3088 2665 3141 ut
2711 3086 3021 3140 sanctam

817 3212 1094 3255 causam
1139 3192 1351 3255 tuitus
1397 3192 1500 3255 sit.
1571 3192 1753 3255 Hinc
1799 3203 1949 3255 orta
1993 3205 2148 3258 sunt
2193 3194 2441 3257 iudicia
2486 3194 2608 3255 illa
2654 3194 2905 3255 acerba
2931 3193 3020 3254 de

819 3306 1019 3369 Arati
1080 3307 1482 3370 adversariis
1502 3356 1516 3382 ‚
1563 3308 1854 3371 honesta
1898 3310 1985 3371 de
2032 3310 2178 3372 eius
2224 3310 2424 3373 sociis
2446 3358 2460 3384 ,
2508 3310 2652 3371 lata
2668 3358 2682 3383 ,
2731 3318 3023 3390 utraque

813 3423 1123 3486 ridicula.

905 3539 1056 3601 Res
1124 3537 1533 3601 Aetolorum
1604 3537 1731 3601 fuit
1791 3540 1905 3620 qui
1966 3540 2062 3603 ita
2123 3541 2421 3603 scribere
2484 3550 2769 3603 conatus
2815 3540 2904 3602 sit
2949 3549 3029 3601 ut

818 3654 974 3715 huic
1022 3652 1214 3735 genti
1260 3653 1534 3716 lectoris
1580 3655 1944 3734 quemdam
1988 3653 2296 3718 favorem
2345 3656 2744 3719 conciliaret
2776 3651 2820 3736 ¹)
2836 3703 2850 3728 ,
2899 3655 3029 3752 sed

908 3954 949 4035 ¹)
1004 3958 1069 4015 F.
1128 3958 1201 4015 A.
1264 3956 1649 4015 Brandstater
1669 4001 1684 4030 ,
1740 3955 1837 4016 die
1888 3957 2104 4017 Gesch.
2159 3939 2264 4018 des
2305 3960 2444 4018 Aet.
2487 3959 2726 4018 Laudes
2744 4002 2759 4031 ,
2802 3957 3036 4016 Volkes

815 4053 939 4113 und
1005 4054 1263 4114 BundeS.
1328 4053 1526 4114 Berlin
1592 4056 1765 4127 1844.
1871 4058 1940 4114 In
2005 4055 2254 4116 historia
2315 4056 2592 4117 Aetolica
2653 4055 3036 4136 aliquantum

819 4161 1081 4228 praestat
1144 4152 1439 4229 Droyseni
1502 4151 1849 4211 Hellenismi
1906 4173 2043 4230 pars
2099 4156 2159 4212 II
2175 4200 2190 4228 ,
2249 4174 2462 4231 quam,
2508 4153 2618 4215 etsi
2666 4156 2822 4231 1843
2866 4152 3039 4213 edita

818 4258 938 4322 est,
994 4269 1116 4309 non
1157 4250 1438 4328 cognovit
1480 4251 1580 4309 Br.
1626 4249 1739 4309 His
1780 4251 2127 4327 praesertim
2170 4253 2536 4331 argumentis
2578 4273 2682 4313 eos
2725 4251 3036 4313 defendit:

819 4366 940 4405 non
1002 4347 1201 4406 omnia
1254 4366 1408 4424 quae
1462 4347 1865 4408 commiserint
1923 4350 2120 4411 Aetoli
2176 4351 2286 4412 toti
2336 4351 2618 4413 Societati
2662 4352 2880 4429 culpae
2925 4352 3040 4410 du·
