3375 5084
1459 358 1580 418 217

575 578 663 651 V.
757 579 1089 650 Foedera
1107 631 1125 664 ‚
1171 579 1696 671 inscriptiones
1715 630 1732 664 ‚
1778 579 2022 652 latina
2067 586 2145 652 et
2189 600 2475 671 graeca.

520 765 666 827 Pol.
714 763 833 827 III.
884 785 938 827 c.
990 769 1250 827 22-26
1285 764 1707 846 exemplaria
1736 765 1933 827 nobis
1968 765 2244 828 tradidit
2265 764 2618 828 foederum

429 881 675 962 quibus
735 880 1036 943 Romani
1098 901 1254 944 cum
1315 880 1984 963 Carthaginiensibus
2043 881 2251 943 iuncti
2317 880 2617 954 fuerunt3

426 1016 604 1077 quae
651 1016 853 1078 quam
901 996 1400 1059 accuratissime
1449 1016 1488 1058 e
1530 996 1755 1077 prisco
1788 1015 2098 1058 sermone
2122 994 2332 1058 latino
2357 1014 2612 1077 graece

426 1131 503 1174 se
570 1112 854 1175 vertisse
924 1112 1019 1175 ait
1078 1112 1153 1193 (c.
1223 1133 1297 1174 22
1366 1118 1397 1188 ἓ
1464 1110 1540 1193 3).
1631 1111 1736 1174 Ea
1797 1110 2074 1173 foedera
2132 1130 2254 1173 suo
2308 1120 2616 1192 tempore

429 1227 637 1292 etiam
682 1228 910 1290 multis
954 1228 1115 1291 viris
1163 1229 1277 1309 qui
1322 1228 1392 1291 in
1436 1229 1642 1290 rebus
1687 1227 1980 1310 publicis
2026 1228 2283 1290 versari
2320 1228 2620 1289 solerent

433 1364 591 1406 cum
641 1343 1311 1426 Carthaginiensibus
1341 1353 1486 1407 tum
1515 1344 1853 1407 Romanis
1883 1344 2123 1426 ignota
2153 1352 2361 1419 erant,
2387 1362 2619 1426 quam-

428 1479 634 1541 quam
678 1461 1125 1523 servabantur
1168 1460 1438 1542 integra
1468 1460 1537 1523 in
1567 1459 1858 1522 Aerario
1893 1460 2229 1536 aedilium,
2260 1460 2329 1521 in
2354 1458 2617 1541 templo

426 1576 613 1638 Iovis
676 1575 1055 1657 Capitolini.
1146 1575 1388 1657 Itaque
1451 1576 1783 1658 Polybius
1847 1585 2109 1639 tantum
2169 1596 2308 1638 non
2353 1575 2620 1640 disertis

429 1693 714 1755 vocibus
759 1693 924 1756 dicit
968 1714 1042 1755 se
1086 1694 1310 1774 ipsum
1356 1693 1525 1756 illud
1570 1693 1934 1756 Aerarium
1969 1693 2215 1755 adiisse
2247 1702 2318 1755 et
2339 1692 2620 1756 foedera

429 1810 517 1871 de
577 1808 829 1872 tabulis
894 1810 1123 1872 aeneis
1184 1809 1606 1896 (χαλκώμασι)
1664 1811 1733 1873 in
1780 1830 1864 1873 eo
1909 1809 2276 1872 reconditis
2322 1809 2620 1890 exscrip-

431 1925 598 1987 sisse
646 1925 698 2006 ¹).
790 1925 966 1989 Nam
1027 1926 1084 1988 si
1149 1926 1284 1988 iam
1331 1935 1534 1989 antea
1578 1926 1821 1990 litteris
1868 1927 2188 1989 mandata
2234 1934 2305 1988 et
2350 1926 2619 2006 pervul-

428 2052 597 2125 gata
640 2042 952 2118 fuissent,
1000 2043 1215 2106 multo
1263 2044 1482 2126 magis
1528 2044 1772 2106 mirum
1820 2044 1884 2106 ei
1929 2043 2241 2107 accidere
2276 2042 2622 2106 debuisset

432 2167 509 2220 ut
556 2159 730 2220 adeo
776 2178 1016 2239 parum
1062 2159 1399 2222 Romanis
1444 2169 1606 2222 nota
1652 2167 1896 2222 essent.

523 2274 811 2338 Duobus
830 2325 834 2329 .
856 2296 993 2338 non
1041 2276 1454 2359 adscriptum
1500 2276 1705 2339 fuisse
1753 2284 2045 2349 constat,
2093 2275 2338 2356 quibus
2384 2294 2622 2338 consu-

430 2390 611 2453 libus
656 2390 838 2454 facta
886 2400 1145 2466 essent;
1193 2392 1472 2454 secundi
1503 2392 1682 2454 enim
1715 2400 1985 2472 tempus
2016 2389 2294 2453 definire
2317 2389 2624 2470 nequivit

434 2506 782 2588 Polybius.
875 2507 934 2570 E
980 2507 1208 2570 verbis
1253 2508 1436 2570 tertii
1479 2506 1809 2570 foederis:
1865 2508 2276 2593 „ovfflaoexioev
2309 2553 2321 2569 .
2352 2553 2365 2569 .
2394 2553 2407 2567 .
2464 2507 2621 2586 πρὸς

434 2624 699 2707 Πύρρον
776 2624 1218 2709 ἔγγραπτον’·’,
1288 2622 1549 2699 effecit,
1616 2624 1686 2686 id
1747 2622 2003 2687 factum
2064 2644 2214 2686 esse
2276 2626 2443 2687 κατὰ
2500 2626 2621 2702 τὴν

433 2737 699 2822 Πϋρῥου
773 2735 1127 2825 διάβασιν,·
1190 2760 1229 2802 e
1291 2760 1426 2820 quo
1488 2740 1951 2821 intellegimus
2012 2760 2169 2802 eum
2244 2738 2623 2801 accuratius

433 2874 682 2916 annum
751 2875 842 2917 ex
908 2855 1057 2937 ipso
1125 2854 1403 2919 foedere
1474 2857 1884 2920 constituere
1951 2876 2088 2918 non
2147 2855 2467 2937 potuisse.
2537 2891 2619 2899 -

435 2967 694 3049 Quodsi
755 2990 993 3033 verum
1048 2980 1152 3034 est
1168 3020 1182 3047 ,
1229 2972 1482 3034 nemini
1529 2972 1771 3053 opinor
1816 2972 2142 3035 credibile
2186 2972 2456 3034 videtur
2471 3019 2486 3046 ‚
2534 2971 2621 3033 ad

433 3086 724 3166 primum
771 3085 1012 3150 foedus
1060 3088 1374 3151 consules
1420 3088 1800 3170 adscriptos
1834 3088 2059 3152 fuisse.
2114 3087 2410 3151 Accedit
2440 3088 2624 3170 quod

437 3202 760 3283 quamdiu
807 3203 1194 3284 respublica
1241 3204 1429 3267 stetit
1471 3206 1542 3267 in
1588 3205 1759 3269 actis
1805 3214 1876 3267 et
1916 3205 2190 3287 legibus
2220 3224 2524 3267 mensem
2557 3212 2627 3266 et

438 3317 619 3379 diem
680 3338 818 3399 quo
881 3317 1024 3381 lata
1079 3328 1306 3382 essent
1351 3340 1442 3382 ex
1487 3330 1676 3383 more
1723 3320 2028 3383 additum
2073 3319 2280 3382 fuisse
2326 3327 2593 3382 constat
2609 3366 2623 3393 ,

524 3588 566 3671 ¹)
610 3589 730 3650 Cfr.
774 3591 1114 3650 Mommsen
1154 3593 1332 3651 Rom.
1379 3592 1599 3652 Chron.
1646 3613 1705 3669 p.
1739 3612 1888 3668 322:
1935 3590 2254 3671 „Polybios
2283 3599 2412 3669 sagt
2434 3588 2633 3649 keines

433 3708 591 3767 wegs
610 3735 624 3763 ,
691 3708 810 3748 was
872 3709 1013 3748 man
1073 3688 1176 3748 ihn
1238 3692 1325 3751 oft
1383 3709 1563 3768 sagen
1615 3691 1796 3765 laszt,
1854 3691 1993 3750 dass
2048 3710 2111 3750 er
2163 3689 2259 3751 die
2300 3689 2632 3749 Urkunden

433 3789 621 3847 selber
663 3789 1058 3865 ausgefunden
1102 3790 1226 3849 und
1266 3810 1374 3850 vor
1415 3789 1538 3849 ihm
1579 3789 1781 3850 keiner
1812 3791 2009 3851 davon
2031 3789 2332 3868 gebrauch
2354 3789 2630 3867 gemacht

429 3888 602 3948 habe.
685 3887 995 3947 Vielleicht
1037 3909 1151 3967 zog
1193 3889 1346 3949 Cato
1390 3888 1472 3948 sie
1514 3907 1619 3948 ans
1661 3888 1837 3948 Licht
1876 3924 1956 3933 —-
1998 3891 2134 3946 -'’.
2202 3887 2466 3949 Dubium
2504 3907 2629 3947 esse

431 3985 575 4045 mihi
630 3985 863 4049 videtur
921 4005 1120 4047 annon
1175 3997 1449 4048 auctores
1504 3987 1766 4048 Romani
1820 3988 1939 4048 iam
1989 3997 2118 4046 tum
2161 3988 2340 4047 ullam
2384 4005 2627 4065 operam

431 4084 736 4161 posuerint
776 4085 837 4143 in
881 4086 1215 4145 scrutandis
1257 4086 1560 4147 tabulariis
1577 4134 1591 4162 ‚
1634 4086 1849 4164 quibus
1890 4087 2009 4146 iam
2051 4087 2239 4146 multo
2281 4097 2419 4146 ante
2449 4084 2627 4146 histo-

432 4183 554 4243 riae
607 4185 975 4245 Graecorum
993 4231 1007 4259 ‚
1053 4195 1118 4244 ut
1157 4184 1558 4263 Thucydidis,
1608 4188 1729 4246 fere
1771 4196 1932 4247 totae
1975 4185 2449 4247 continebantur.
2534 4188 2627 4245 De

435 4283 664 4342 Catone
706 4282 885 4342 etiam
928 4282 1117 4361 magis
1160 4282 1370 4344 dubito
1388 4330 1403 4358 ,
1447 4283 1566 4344 vid.
1613 4284 1745 4344 infr.
1790 4286 1911 4345 Cfr.
1941 4284 2119 4345 etiam
2144 4287 2224 4344 K.
2247 4287 2338 4344 W.
2363 4284 2625 4360 Nitzsch,

435 4383 612 4442 Rom.
657 4382 989 4442 Annalistik
1030 4404 1086 4459 p.
1131 4403 1245 4459 302
1289 4385 1428 4443 adn.
1478 4405 1528 4441 1.
