3375 5084
1781 295 1865 351 24

730 468 939 530 sentit
1000 466 1330 548 Polybius
1391 466 1827 549 agnoscimus
1888 466 2209 529 iudicium
2255 467 2422 528 civis
2467 467 2928 548 Megalopoli-

736 583 879 646 tani
895 631 910 656 ,
960 583 1056 645 sic
1102 583 1322 644 virum
1368 602 1698 665 graecum
1744 582 1813 643 in
1857 582 2079 645 nimiis
2123 582 2819 645 Lacedaemoniorum
2860 592 2932 646 et

733 699 1040 782 Lycurgi
1087 699 1418 761 laudibus.
1510 698 1877 780 Polybium
1921 718 2264 781 nunquam
2309 697 2489 781 fugit
2534 700 2719 780 quod
2764 699 2924 762 civi*-

678 794 679 797 ¹
734 825 913 879 tates
978 835 1293 898 graecae
1360 835 1486 877 sua
1553 823 1781 878 aetate
1850 813 1994 878 fere
2061 815 2228 877 nihil
2297 815 2625 878 valebant
2697 825 2934 878 contra

733 932 981 1013 ingens
1026 931 1292 1012 imperii
1336 930 1907 1005 Romani.robur;
1939 931 2063 993 sed
2093 951 2180 994 ne
2208 931 2558 1025 ingenium
2583 930 2924 995 Graecum

732 1047 940 1130 plane
984 1047 1205 1128 impar
1250 1066 1400 1109 esse
1446 1047 1767 1110 Romano
1800 1048 2035 1110 credat
2050 1095 2065 1123 ,
2100 1048 2188 1109 ad
2217 1047 2566 1130 superiora
2594 1046 2927 1111 Graeciae

734 1163 1037 1227 florentis
1095 1171 1405 1244 tempora
1448 1183 1625 1227 nunc
1671 1172 2005 1244 provocat
2051 1171 2121 1225 et
2165 1172 2596 1244 praesentem
2622 1162 2926 1245 turpitu-

735 1279 964 1342 dinem
1023 1287 1421 1361 compensat
1472 1277 1697 1360 gloria
1742 1277 2089 1360 superiore
2137 1276 2431 1359 Spartae
2450 1327 2464 1353 ‚
2514 1278 2703 1341 cuius
2749 1278 2930 1341 enim

733 1397 914 1459 vires
982 1395 1111 1477 ipsi
1178 1394 1490 1458 Arcades
1552 1404 1694 1458 tam
1757 1395 1873 1458 diu
1935 1394 2200 1476 experti
2263 1404 2472 1458 erant.
2566 1393 2927 1476 Quomodo

737 1512 1013 1574 tandem
1031 1559 1046 1586 ,
1114 1520 1319 1594 rogat
1333 1559 1349 1585 ,
1419 1511 1809 1593 respublica
1874 1511 2197 1574 Romana
2268 1512 2445 1574 adeo
2515 1520 2716 1574 aucta
2785 1519 2889 1573 est
2903 1513 2933 1573 ?

738 1627 828 1690 Et
871 1628 1264 1709 respondet:
1312 1627 1560 1708 triplici
1604 1628 1705 1706 rei
1737 1627 2056 1709 publicae
2087 1647 2420 1709 generum
2453 1627 2934 1690 moderatione.

742 1743 960 1826 Atqui
1007 1745 1249 1807 eadem
1294 1744 1672 1807 moderatio
1720 1742 2012 1827 Spartae
2052 1744 2297 1807 extitit.
2345 1742 2549 1826 Quod
2579 1742 2934 1825 Spartanis

742 1868 1026 1922 eventus
1108 1859 1328 1921 minus
1397 1860 1793 1941 splendidus
1861 1858 1987 1923 fuit
2056 1880 2260 1942 quam
2327 1859 2663 1923 Romanis
2726 1859 2765 1939 ¹)
2782 1909 2796 1934 ,
2853 1860 2935 1922 ei

744 1984 1221 2057 compensatur
1291 1975 1743 2039 consideranti
1813 1976 2012 2058 leges
2070 1975 2490 2057 reipublicae
2552 1973 2934 2058 Spartanae

744 2092 1081 2155 institutas
1143 2112 1293 2155 esse
1355 2093 1632 2175 ingenio
1687 2093 1883 2156 unius
1928 2093 2056 2155 viri
2102 2093 2235 2175 (διὰ
2291 2089 2544 2175 λόγου),
2591 2113 2745 2157 cum
2787 2092 2936 2155 Ro-

744 2208 927 2271 mani
969 2209 1199 2272 multis
1244 2206 1563 2299 periculis
1580 2259 1594 2286 ,
1641 2211 1870 2274 multis
1917 2211 2255 2274 erroribus
2301 2211 2390 2273 ad
2437 2230 2591 2273 eam
2623 2211 2930 2273 modera-

743 2325 999 2387 tionem
1036 2325 1470 2406 pervenerint
1506 2324 1639 2408 (διὰ
1671 2322 1935 2392 πολλῶν
1970 2327 2245 2405 ἀγώνων
2282 2330 2391 2392 καὶ
2424 2325 2843 2412 πραγμάτων)
2867 2324 2931 2407 ²).

746 2439 1037 2504 Graecia
1084 2441 1346 2503 etiamsi
1392 2441 1648 2504 viribus
1694 2440 1966 2505 inferior
1981 2491 1995 2518 ,
2025 2443 2303 2526 ingenio
2336 2452 2568 2505 tamen
2596 2442 2931 2506 Romanis

745 2556 1019 2619 minime
1065 2555 1284 2638 impar
1327 2555 1483 2619 fuit!

834 2672 991 2736 Hoc
1053 2693 1208 2738 cum
1266 2674 1627 2750 ostendere
1672 2673 1887 2736 vellet
1932 2673 2261 2755 Polybius
2278 2723 2292 2749 ,
2338 2675 2407 2736 in
2455 2674 2625 2737 duos
2673 2694 2937 2737 errores

745 2790 1008 2865 incidit;
1067 2789 1359 2871 primum
1415 2791 1633 2872 quod,
1681 2799 1759 2853 ut
1803 2790 2114 2852 videmus
2130 2838 2144 2865 ‚
2192 2792 2279 2853 de
2325 2791 2679 2873 republica
2723 2791 2937 2854 Lace-

749 2906 1066 2969 demonia
1110 2905 1283 2969 falsa
1328 2893 1534 2969 tradit
1549 2955 1563 2982 ,
1612 2924 1884 2969 omnem
1930 2904 2221 2989 Spartae
2268 2907 2562 2989 gloriam
2608 2909 2698 2971 ad
2743 2904 2937 2970 unius

747 3022 1051 3105 Lycurgi
1111 3022 1416 3085 instituta
1474 3021 1775 3085 referens
1792 3072 1806 3098 ,
1865 3032 1935 3085 et
1994 3024 2320 3106 quidquid
2364 3033 2607 3105 postea
2652 3023 2938 3087 accessit

754 3138 1071 3201 omittens
1088 3186 1101 3212 ,
1165 3137 1454 3200 alterum
1509 3139 1694 3220 quod
1746 3158 2108 3220 perperam
2152 3138 2590 3202 ratiocinatus
2635 3139 2937 3222 Lycurgi

751 3253 1024 3335 legibus
1086 3253 1359 3314 laudem
1415 3253 1717 3317 vindicat
1761 3274 1965 3336 quam
2011 3255 2308 3317 tribuere
2356 3254 2454 3318 eis
2499 3275 2636 3317 non
2682 3254 2932 3318 debuit.

750 3368 877 3432 Ait
946 3369 1126 3431 enim
1194 3367 1336 3431 fere
1396 3369 1568 3432 haec
1630 3369 1769 3451 (VI.
1835 3391 1890 3432 e.
1957 3369 2273 3452 48—5o):
2319 3370 2679 3454 Lycurgus
2725 3371 2938 3434 veluti

753 3485 982 3549 divino
1043 3485 1321 3568 ingenio
1384 3486 1721 3562 consuluit
1781 3488 2183 3550 concordiae
2232 3487 2480 3550 civium
2527 3497 2597 3550 et
2641 3487 2940 3551 libertati

752 3601 938 3664 urbis
954 3649 968 3676 ,
1032 3621 1185 3664 cum
1248 3601 1392 3664 auri
1451 3603 1854 3685 argentique
1899 3624 2026 3666 usu
2070 3603 2151 3666 iis
2195 3603 2630 3667 interdiceret
2677 3613 2748 3666 et
2794 3603 2943 3686 agri

751 3716 1145 3799 possidendi
1213 3718 1491 3783 modum
1558 3727 1904 3781 statueret.
1995 3716 2138 3782 Sed
2194 3739 2333 3782 non
2392 3720 2557 3782 satis
2620 3719 2801 3782 cavit
2856 3739 2942 3781 ne

755 3835 1132 3916 imperandi
1194 3834 1565 3917 cupiditate
1626 3836 1882 3898 inducti
1943 3836 2129 3899 cives
2173 3837 2279 3899 sui
2324 3857 2367 3899 a
2409 3836 2635 3919 prisca
2681 3856 2945 3899 morum

753 3951 1191 4033 simplicitate
1256 3950 1639 4014 deficerent.
1733 3948 2146 4015 Praesertim
2203 3973 2358 4019 cum
2404 3972 2694 4035 magnas
2740 3972 2948 4034 expe-

841 4210 883 4293 ¹)
922 4214 987 4272 P.
1030 4214 1135 4273 VI.
1179 4233 1233 4273 c.
1282 4231 1356 4290 50
1399 4219 1426 4284 ξ
1472 4231 1501 4290 5
1554 4232 1682 4289 sqq.

832 4309 884 4391 2>
923 4312 989 4370 P.
1032 4314 1137 4370 VI.
1182 4331 1234 4370 e.
1285 4331 1377 4370 11.
