3375 5084
1409 378 1488 435 43

359 568 436 610 re
483 549 836 629 opiniones
882 551 1190 630 exponit,
1238 550 1521 612 alteram
1568 549 1903 624 PlatoniS,
1937 548 2219 612 alteram
2253 552 2539 612 eandem

358 684 565 744 quam
626 663 955 746 Polybius
971 713 985 739 ,
1050 685 1252 747 quam
1311 666 1401 727 ad
1447 684 1871 728 communem
1918 674 2266 727 auctorem
2311 660 2538 746 Epho-

357 799 510 841 rum
554 777 805 842 referre
851 801 986 842 non
1031 780 1299 843 dubito:
1349 781 1512 846 ἔνιοι
1559 784 1678 860 μὲν
1733 771 1848 843 οὖν
1868 828 1883 854 ,
1916 780 2012 842 ait
2041 779 2449 842 Aristoteles
2484 779 2541 861 ¹),

360 890 666 973 λέγουσιν
729 897 814 968 ὥς
879 892 978 959 δεῖ
1039 901 1155 977 τὴν
1217 893 1486 980 οὲρίστην
1540 891 1880 961 πολιτείαν
1932 895 1999 970 ἐξ
2044 900 2317 961 ἁπασῶν
2369 887 2537 960 εἶναι

358 1014 493 1078 τῶν
557 1006 905 1075 πολιτειῶν
967 1010 1402 1094 μεμιγμένην,
1466 1012 1566 1077 διὸ
1625 1014 1735 1076 καὶ
1784 1018 1904 1095 τὴν
1954 1017 2084 1076 τῶν
2133 1010 2544 1092 Λακεδαιμο-

359 1129 522 1192 νίων
596 1130 974 1194 ἐπαινοῦσιν
1047 1120 1215 1193 εἶναι
1288 1129 1409 1209 γὰρ
1476 1126 1680 1211 αὐτὴν
1747 1129 1808 1189 οἷ
1866 1128 1985 1208 μὲν
2055 1126 2408 1209 (Ephorus)
2474 1128 2541 1204 ἐξ

358 1241 743 1326 ὀλιγαρχίας
793 1248 902 1306 καὶ
947 1241 1306 1328 μοναρχίας
1357 1244 1466 1308 καὶ
1505 1244 1945 1326 δημοκρατίας
1980 1244 2209 1326 φασίν,
2245 1239 2543 1321 λέγοντες

359 1363 483 1441 τὴν
527 1362 646 1440 μὲν
695 1354 1034 1442 βασιλείαν
1083 1362 1485 1443 μοναρχίαν,
1537 1365 1655 1442 τὴν
1706 1357 1774 1423 δὲ
1830 1363 1958 1452 τῶν
1993 1363 2312 1440 γερόντων
2338 1358 2543 1443 ἀρχὴν

356 1473 780 1558 ὀλιγαρχίαν,
828 1470 1381 1556 δημοκρατεῖσθαι
1432 1473 1499 1538 δὲ
1541 1480 1709 1540 κατὰ
1744 1480 1861 1557 τὴν
1897 1483 2029 1540 τῶν
2065 1478 2307 1556 ἐφόρων
2334 1475 2537 1560 α’ρχὴν

359 1587 475 1652 διὰ
525 1591 594 1652 τὸ
645 1591 712 1652 ἐκ
762 1596 872 1656 τοῦ
922 1589 1123 1671 δήμου
1173 1587 1341 1656 εἶναι
1391 1596 1539 1666 τούς
1588 1594 1876 1673 ἐφόρους·
1930 1593 1993 1654 οἱ
2039 1588 2106 1653 δὲ
2156 1590 2397 1674 (Plato)
2422 1597 2540 1674 τὴν

355 1709 480 1787 μὲν
553 1706 877 1789 ἐφορείαν.
922 1698 1091 1770 εἶναι
1157 1705 1554 1789 τυραννίδα,
1617 1705 2176 1792 δημοκρατεῖσθαι
2242 1705 2310 1770 δὲ
2374 1712 2541 1770 κατά

335 1845 430 1883 -τε
504 1823 582 1883 τὰ
651 1822 944 1886 συσσίτια
1016 1828 1125 1888 καὶ
1197 1825 1309 1887 τὸν
1381 1821 1587 1888 ἄλλον
1651 1826 1799 1910 βίον
1868 1828 1978 1890 τὸν
2046 1822 2204 1889 καθ’
2278 1822 2541 1908 ἡμέραν.

358 1937 604 2020 Itaque
650 1938 964 2020 Ephorus
1010 1942 1140 2002 hoc
1187 1941 1501 2004 statuisse
1547 1942 1817 2003 videtur
1836 1990 1850 2015 ‚
1898 1941 2032 2003 iam
2066 1950 2220 2003 ante
2254 1940 2546 2021 ephoros

360 2055 704 2117 institutos
755 2056 1085 2137 populum
1132 2057 1389 2140 aliquid
1434 2057 1731 2120 valuisse
1775 2057 1846 2118 in
1890 2057 2242 2138 republica
2288 2077 2327 2117 e
2373 2055 2543 2136 legi-

360 2171 495 2232 bus
556 2169 899 2254 Lycurgi,
962 2172 1205 2236 deinde
1253 2173 1500 2236 additis
1548 2173 1821 2254 ephoris
1866 2173 2043 2235 hanc
2089 2171 2380 2254 gratiam
2426 2191 2544 2252 po-

361 2287 675 2367 pularem
722 2289 926 2351 etiam
972 2298 1241 2352 auctam
1287 2311 1457 2353 esse.

456 2403 704 2466 Redeo
771 2407 860 2468 ad
927 2405 1231 2468 Platonis
1300 2406 1762 2469 imitationem.
1874 2405 2074 2467 Illam
2143 2404 2544 2466 sententiam

367 2520 718 2582 civitatum
781 2519 1030 2583 formas
1076 2541 1346 2603 semper
1392 2522 1634 2584 eodem
1681 2521 1918 2583 ordine
1963 2539 2308 2583 recurrere
2326 2568 2339 2593 ,
2387 2519 2546 2601 quin

362 2634 636 2698 Platoni
705 2637 955 2699 debeat
1022 2637 1352 2718 Polybius
1419 2657 1556 2699 non
1623 2637 1878 2700 dubito,
1991 2634 2326 2716 Exposuit
2396 2654 2547 2697 eam

363 2750 564 2813 Plato
611 2751 679 2813 in
723 2751 914 2814 libris
959 2753 1046 2815 de
1092 2753 1510 2834 Republica;
1560 2762 1630 2815 et
1675 2753 1895 2814 minus
1925 2760 2110 2815 recte
2137 2749 2547 2813 Aristoteles

360 2867 540 2929 hanc
589 2868 677 2928 ob
723 2887 867 2930 rem
914 2867 1275 2931 Platonem
1318 2868 1759 2950 reprehendit
1805 2856 1992 2950 quod
2020 2877 2278 2930 certum
2312 2867 2546 2928 orbem

362 3002 502 3044 non
565 2984 985 3047 constituerit
1024 2983 1100 3065 ²),
1162 3005 1319 3047 narn
1382 2985 1548 3047 ordo
1610 2985 1794 3065 apud
1850 2984 2208 3046 Platonem
2253 2982 2365 3044 hic
2410 2990 2545 3043 est:

362 3099 399 3160 I
449 3100 704 3180 optima
748 3101 1135 3181 respublica
1150 3149 1167 3174 ,
1214 3102 1360 3164 sive
1405 3121 1695 3184 regnum
1741 3101 1886 3163 sive
1933 3099 2337 3182 oligarchia;
2383 3098 2454 3161 II
2480 3097 2546 3172 ἐξ

362 3212 745 3301 ὀλιγαρχίας
808 3214 1208 3301 δημοκρατία
1270 3219 1606 3299 γίγνεται,
1675 3220 1787 3281 καί
1841 3217 1945 3280 ΙΠ
1994 3218 2061 3278 ἐκ
2112 3213 2548 3298 δημοκρατίας

369 3334 678 3416 τυραννίς
736 3330 795 3414 ³).
912 3333 1144 3397 Antea
1234 3344 1459 3398 autem
1554 3334 1872 3416 exposuit
1946 3333 2147 3396 Plato
2224 3332 2549 3413 optimam

369 3448 859 3529 rempublicam
907 3449 1200 3513 existere
1246 3459 1509 3512 tantum
1554 3470 1759 3532 posse
1807 3470 1845 3513 e
1892 3449 2247 3531 tyrannide
2266 3497 2280 3522 ‚
2327 3449 2385 3509 si
2428 3445 2548 3508 filii

371 3574 809 3647 tyrannorum
869 3566 1344 3648 philosophiae
1403 3567 1546 3647 apti
1592 3587 1809 3647 eaque
1853 3566 2161 3629 instructi
2207 3572 2550 3646 exurgant

368 3683 670 3764 quando;
733 3682 960 3763 itaque
1022 3704 1061 3744 e
1125 3682 1482 3764 tyrannide
1544 3669 1757 3745 oritur
1815 3682 2072 3763 optima
2130 3678 2517 3760 respublica
2533 3726 2548 3751 ‚

368 3806 440 3859 et
523 3799 760 3861 orbem
847 3799 1208 3880 quemdam
1295 3798 1625 3860 habemus
1687 3796 1749 3878 4).
1836 3833 1919 3841 -—
1998 3796 2199 3858 Plato
2217 3843 2231 3869 ,
2300 3794 2552 3876 quippe

462 3987 503 4069 ¹)
544 3988 727 4048 Arist.
759 3989 894 4049 Pol.
937 3990 1015 4047 ΙΙ.
1060 4009 1110 4047 e.
1157 3992 1211 4048 6.

453 4086 504 4169 2)
544 4087 708 4147 Arist
767 4088 890 4147 Pol.
936 4090 1010 4147 V.
1055 4106 1105 4145 e.
1159 4107 1247 4146 12.

456 4185 505 4267 3)
544 4189 714 4247 Plato
755 4188 906 4263 Rep.
950 4207 1008 4263 p.
1056 4189 1168 4264 562
1213 4188 1288 4245 A.

458 4284 508 4366 4)
547 4286 716 4345 Plato
778 4288 912 4362 Rep
993 4305 1052 4362 p.
1110 4303 1388 4363 499—-50
1394 4305 1461 4361 33
1519 4286 1620 4344 cfr.
1676 4282 1962 4344 Susemihl
2014 4283 2092 4341 ad
2139 4284 2336 4342 locum
2381 4301 2558 4360 supra

373 4384 510 4443 adn.
561 4405 586 4442 1
631 4385 954 4445 laudatum.
