3375 5084
1280 1132 1595 1198 CAPUT
1646 1133 1765 1198 IV.

627 1389 801 1442 QUEM
845 1387 1059 1429 LocUM
1104 1387 1293 1428 INTER
1336 1386 1610 1428 DiscmiA
1655 1387 1941 1429 PARTIUM
1987 1388 2421 1430 OCCUPAVERIT

826 1503 1154 1558 PoLYBmS‚
1203 1503 1384 1557 QUAM
1428 1503 1638 1557 AEQUE
1681 1504 1766 1545 DE
1810 1503 1888 1545 ns
1932 1503 2201 1547 mmcET.

512 1716 622 1779 De
679 1717 836 1778 loco
882 1734 1017 1795 quo
1063 1715 1238 1776 inter
1281 1723 1513 1796 partes
1561 1715 2049 1778 contendentes
2095 1717 2360 1778 steterit
2403 1715 2611 1797 Poly-

420 1832 599 1905 bius,
650 1833 736 1894 de
781 1831 1031 1894 iudicio
1080 1832 1263 1911 quod
1301 1831 1533 1893 tulerit
1565 1830 1975 1912 exposituris
2006 1831 2141 1893 iam
2165 1832 2393 1894 statim
2415 1833 2611 1894 nobis

421 1948 834 2009 monendum
898 1955 1002 2009 est
1019 1995 1032 2021 ,
1080 1946 1167 2007 de
1212 1946 1461 2008 nullius
1506 1945 1650 2008 fere
1697 1966 1920 2009 rerum
1967 1956 2315 2029 gestarum
2359 1949 2611 2011 veteris

414 2063 760 2144 scriptoris
829 2060 964 2124 fide
1033 2061 1101 2123 in
1162 2071 1303 2123 tam
1363 2061 1668 2123 diversas
1727 2071 1958 2143 partes
2021 2082 2063 2123 a
2122 2063 2611 2125 recentioribus

418 2198 569 2240 esse
617 2178 1031 2259 disputatum
1046 2225 1061 2252 ,
1105 2177 1368 2239 nullum
1413 2177 1617 2239 tantis
1663 2177 1975 2240 laudibus
2021 2179 2111 2239 ab
2134 2178 2307 2240 'aliis
2354 2158 2605 2253 efferri,

416 2296 505 2357 ab
569 2296 719 2357 aliis
780 2295 978 2357 simul
1040 2305 1179 2356 tam
1242 2294 1486 2357 acriter
1531 2294 1969 2375 reprehendi;
2013 2314 2101 2356 ne
2148 2294 2418 2356 Livium
2464 2295 2608 2377 qui-

414 2411 572 2473 dem
589 2459 603 2485 ,
673 2431 874 2492 quem
944 2410 1287 2492 integrum
1357 2419 1426 2471 et
1491 2410 1825 2472 sincerum
1887 2419 2232 2473 auctorem
2293 2411 2602 2492 plerique

416 2527 600 2588 haud
644 2526 979 2589 immerito
1026 2526 1424 2606 praedicant
1440 2574 1455 2598 ‚
1502 2545 1912 2607 quamquam
1960 2526 2105 2588 eius
2149 2525 2373 2588 fontes
2397 2547 2604 2608 saepe

415 2644 749 2725 pessimos
795 2642 999 2704 fuisse
1048 2651 1314 2705 constat
1329 2691 1343 2717 ‚
1393 2651 1463 2704 et
1506 2662 1989 2724 nonnunquam
2033 2643 2189 2724 plus
2233 2662 2437 2724 quam
2483 2664 2609 2725 par

413 2768 560 2821 erat
625 2759 910 2840 patriae.
955 2758 1169 2820 amori
1238 2758 1588 2821 concessit.
1660 2795 1743 2802 —
1819 2757 2088 2820 Nullius
2158 2758 2337 2820 enim
2398 2778 2605 2840 quam

413 2875 685 2956 Polybii
740 2873 1064 2936 historiae
1111 2875 1199 2935 ad
1242 2874 1418 2936 inter
1462 2894 1537 2936 se
1586 2874 1957 2936 contrarias
2002 2875 2373 2937 sententias
2420 2875 2602 2937 exci-

411 2992 656 3053 tandas
723 2991 945 3072 magis
1007 2999 1210 3071 aptae
1272 3000 1456 3065 sunt;
1521 3010 1602 3053 ac
1666 2990 1959 3071 primum
2006 2991 2279 3071 quidem
2324 2967 2606 3071 propter

413 3106 737 3188 temporis
800 3107 983 3187 quod
1023 3106 1109 3167 ·in
1163 3106 1242 3167 iis
1290 3105 1694 3169 describitur
1740 3106 2211 3168 conditionem.
2306 3106 2605 3170 Conatus

410 3222 612 3285 Arati
660 3232 729 3285 et
777 3220 1160 3285 Cleomenis
1177 3270 1191 3296 ,
1239 3221 1678 3284 Achaeorum
1724 3222 2016 3285 societas
2063 3232 2132 3285 et
2166 3222 2601 3298 Aetolorum,

411 3338 772 3419 imperium
817 3328 1289 3400 Romanorum
1337 3347 1407 3400 et
1455 3336 1786 3401 Graeciae
1819 3338 2127 3413 libertaS‚
2162 3358 2253 3400 ex
2274 3338 2379 3400 his
2402 3340 2604 3401 rebus

413 3475 860 3537 unaquaeque
906 3452 1049 3516 fere
1095 3455 1270 3517 inter
1313 3455 1726 3517 recentiores
1772 3474 1968 3517 suum
1997 3455 2236 3517 habuit
2265 3453 2599 3517 fautorem
2671 3524 2672 3527 Ἴ

410 3571 526 3633 vel
584 3590 792 3633 unum
836 3570 952 3631 vel
997 3570 1257 3650 plures3
1308 3590 1398 3632 ex
1442 3571 1524 3632 iis
1568 3579 1798 3633 autem
1844 3570 2058 3632 altera
2103 3589 2261 3652 pars
2308 3569 2601 3651 Polybio

410 3686 610 3750 facile
702 3686 1044 3750 consensit
1069 3734 1083 3760 ,
1166 3687 1382 3749 altera
1456 3686 1600 3749 eius
1676 3686 1997 3748 iudicium
2075 3684 2504 3768 impugnavit
2542 3681 2601 3766 l).

500 3922 543 4005 ¹)
582 3926 722 3985 Non
765 3924 956 3984 solum
997 3920 1200 3982 iudicii
1241 3911 1601 3999 aequitatem
1616 3970 1631 3999 ,
1673 3924 1781 3983 sed
1823 3922 2002 3983 etiam
2043 3923 2224 3983 fidem
2264 3920 2606 3981 historicam

405 4023 636 4102 Polybii
696 4022 1197 4102 impugnaverunt
1256 4022 1473 4082 Reiske
1535 4022 1741 4104 (praef.
1808 4022 1904 4082 ad.
1962 4020 2288 4100 Polybiana
2342 4042 2401 4098 p.
2458 4023 2567 4095 167
2589 4067 2604 4095 ‚

410 4141 588 4199 quem
642 4122 848 4182 laudat
904 4122 979 4181 de
1032 4120 1204 4181 Vries
1258 4141 1319 4198 p.
1364 4142 1431 4198 9:
1493 4122 1821 4198 „Stultitiae
1862 4142 2004 4200 ergo
2047 4122 2121 4181 sit
2161 4122 2239 4181 ab
2282 4140 2353 4181 eo
2395 4140 2602 4180 verum

409 4231 748 4298 expectare,
792 4240 971 4298 quem
1012 4220 1434 4282 beneficiorum
1479 4242 1616 4281 cum
1659 4231 2044 4299 acceptorum
2086 4218 2450 4291 recordatio,
2474 4229 2601 4279 tum

409 4320 838 4399 sperandorum
903 4320 1237 4399 expectatio
1254 4367 1269 4396 ‚
1334 4331 1459 4381 tum
1516 4340 1660 4383 cura
1715 4320 1915 4380 salutis
1956 4338 2096 4380 suae
2113 4366 2128 4395 ‚
2173 4329 2300 4379 tum
2342 4317 2599 4398 denique
