3375 5084
1418 321 1541 378 233

481 493 591 555 De
639 493 952 555 omnibus
998 494 1201 555 rebus
1243 493 1531 556 narratis
1576 513 1813 555 verum
1858 493 2179 556 iudicium
2224 491 2400 554 ferre
2442 501 2576 554 stu-

391 609 608 682 denti,
654 629 935 671 necesse
980 607 1108 672 fuit
1152 609 1445 690 Polybio
1492 609 1726 691 legem
1771 609 2068 689 aliquam
2114 610 2228 670 vel
2269 627 2573 670 normam

390 724 800 787 constituere
861 725 1219 790 iudicandi.
1318 724 1489 786 Eam
1551 734 1781 787 autem
1842 724 2055 806 elegit
2114 743 2290 804 quae
2346 723 2575 803 specie

391 850 576 903 certe
640 840 900 921 optima
960 850 1065 903 est
1083 889 1097 915 ,
1158 840 1583 922 disciplinam
1637 840 1840 921 aequi
1885 850 1956 903 et
1999 839 2301 914 honesti,
2348 838 2580 920 legem

389 957 672 1019 virtutiS.
765 954 969 1038 Quod
1030 966 1175 1019 arte
1235 957 1602 1020 cohaerere
1661 958 1920 1019 clarum
1966 965 2069 1019 est
2117 975 2271 1018 cum
2316 954 2577 1017 ratione

387 1262 541 1320 sulto
597 1259 937 1321 mentiendi.
1025 1264 1182 1321 Nam
1239 1263 1314 1322 de
1355 1262 1423 1322 iis
1465 1263 1640 1322 rebus
1679 1261 1844 1339 loqui
1887 1261 2083 1322 omisit
2125 1279 2272 1338 quas
2314 1261 2584 1320 consulto

383 1358 628 1436 quidem
645 1406 659 1435 ,
704 1360 809 1420 sed
850 1361 1009 1421 malo
1052 1361 1192 1422 dolo
1234 1371 1293 1421 et
1334 1361 1542 1421 fraude
1584 1360 2043 1438 praetermiserit
2085 1359 2357 1437 scriptor.
2390 1395 2469 1402 —
2500 1360 2585 1418 At

380 1478 490 1517 cur
552 1458 628 1518 de
687 1458 756 1519 iis
819 1461 1052 1520 locutus
1107 1463 1302 1521 esset?
1379 1463 1539 1521 Num
1593 1460 1643 1520 is
1698 1460 1800 1538 qui
1848 1480 1886 1520 a
1927 1458 2172 1519 crimine
2216 1458 2479 1536 quodam
2522 1477 2585 1518 se

382 1558 702 1618 defendere
763 1558 984 1619 omittit
999 1606 1014 1635 ,
1072 1561 1237 1636 quod
1294 1559 1396 1620 tali
1450 1559 1695 1620 crimine
1750 1580 1812 1620 se
1868 1568 2213 1619 accusatum
2254 1556 2326 1617 iri
2365 1575 2584 1634 nequa-

385 1675 568 1733 quam
623 1667 925 1733 autumet,
975 1658 1111 1719 ideo
1154 1658 1254 1720 illo
1297 1659 1543 1720 crimine
1583 1658 1783 1720 statim
1826 1657 2169 1720 convictum
2213 1677 2339 1718 esse
2382 1656 2583 1716 crede-

384 1776 516 1816 mus
531 1759 558 1815 ?
622 1757 774 1817 Sane
829 1758 1110 1836 Polybius
1160 1777 1197 1818 a
1243 1758 1538 1819 iudicibus
1577 1758 1696 1819 suis
1738 1758 1983 1818 meliora
2024 1756 2360 1835 expectavit
2404 1775 2584 1833 quam

386 1855 680 1917 eiusmodi
742 1855 970 1917 iudices
1027 1860 1105 1919 ab
1158 1857 1306 1934 ipso.
1393 1858 1777 1935 Quamquam
1834 1877 1956 1918 non
2006 1856 2182 1917 video
2225 1875 2586 1933 quemquam

384 1953 880 2016 demonstravisse
935 1954 1248 2034 Polybium
1302 1955 1364 2015 in
1413 1956 1806 2018 describenda
1841 1976 1964 2033 rep.
2010 1958 2187 2016 Rom.
2232 1955 2411 2014 ullam
2454 1974 2582 2014 rem

382 2053 591 2114 fraude
632 2053 913 2115 omisisse.
979 2055 1254 2132 Denique
1295 2057 1445 2116 haec
1487 2054 1721 2134 scripsit
1764 2066 1975 2117 contra
2016 2058 2359 2115 Romanum
2383 2074 2587 2131 quem-

385 2153 526 2212 dam
553 2209 557 2216 ,
587 2153 872 2213 lectorem
889 2200 905 2228 ,
965 2153 1067 2230 qui
1130 2153 1319 2215 sicubi
1374 2175 1501 2215 rem
1556 2154 1816 2232 aliquam
1880 2153 2171 2214 minutam
2235 2173 2272 2214 a
2335 2153 2586 2232 Polybio

384 2251 660 2312 omissam
724 2272 851 2312 esse
913 2251 1154 2315 vidisset
1171 2299 1186 2328 ‚
1244 2252 1445 2313 statim
1479 2254 1937 2337 ⁴exclamaturus
1999 2263 2156 2313 erat:
2201 2272 2447 2330 graecus
2488 2252 2584 2312 ille

381 2349 470 2410 vir
533 2370 667 2410 suas
731 2371 826 2411 res
888 2351 1107 2413 scribat
1122 2398 1138 2427 ‚
1194 2372 1332 2412 cum
1387 2362 1620 2413 nostras
1673 2371 1796 2413 non
1853 2351 1992 2412 satis
2047 2351 2427 2429 perspexerit.
2513 2350 2585 2410 Id

383 2468 596 2509 cavere
657 2450 845 2511 voluit
906 2450 1202 2529 Polybius.
1303 2454 1440 2511 Non
1500 2450 1587 2511 ita
1646 2450 1844 2513 hebeti
1899 2450 2007 2510 fuit
2062 2450 2300 2529 ingenio
2358 2459 2424 2510 ut
2464 2469 2586 2510 non

384 2548 644 2623 videret,
703 2549 958 2627 aliquem
1004 2549 1203 2611 dicere
1246 2571 1420 2628 posse
1462 2571 1528 2611 se
1568 2551 1841 2611 consulto
1882 2570 2009 2610 rem
2052 2549 2311 2626 aliquam
2353 2549 2582 2608 texisse.

385 2648 504 2706 Sed
558 2647 642 2707 ita
697 2668 900 2708 secum
955 2648 1238 2727 cogitavit
1255 2695 1270 2724 ‚
1323 2650 1372 2709 si
1414 2648 1546 2726 quis
1589 2650 1706 2709 tale
1749 2648 1894 2725 quid
1937 2647 2081 2707 mihi
2122 2648 2405 2725 imputat,
2448 2645 2587 2707 huic

383 2765 507 2806 non
549 2749 922 2824 persuadebo
964 2748 1073 2808 etsi
1113 2749 1312 2809 multis
1353 2748 1547 2810 verbis
1583 2768 1898 2827 negavero,
1964 2751 2197 2809 Revera
2236 2747 2322 2807 ita
2356 2747 2552 2825 potius
2570 2794 2584 2820 ‚

383 2845 530 2905 mihi
587 2846 826 2923 quidem
845 2893 859 2922 ,
917 2848 1313 2925 suspicionem
1355 2848 1652 2909 movisset.
1701 2884 1780 2892 —
1823 2847 1883 2907 Si
1925 2868 1958 2908 e
1997 2846 2195 2908 verbis
2237 2846 2469 2924 Polybii
2510 2846 2587 2906 de

384 2944 509 3005 eius
570 2947 687 3006 fide
749 2945 1135 3006 iudicandum
1191 2946 1301 3007 erit
1317 2992 1332 3021 ,
1392 2947 1531 3007 satis
1588 2966 1808 3026 magna
1862 2947 2134 3007 locorum
2177 2945 2350 3022 copia
2393 2945 2589 3023 colligi

385 3054 585 3121 potest
638 3043 742 3105 ubi
791 3055 1072 3123 apparet,
1115 3044 1425 3105 veritatem
1467 3056 1527 3106 et
1567 3048 1806 3123 plenam
1848 3044 2245 3105 narrationem
2292 3044 2345 3104 ei
2386 3058 2587 3104 neces-

387 3143 604 3203 sariam
667 3143 853 3207 visam
917 3164 1061 3205 esse.
1123 3181 1205 3189 ——
1268 3146 1494 3205 Contra
1548 3147 1612 3205 P.
1667 3145 1744 3205 de
1784 3146 1843 3205 la
1881 3146 2093 3206 Roche
2135 3143 2439 3224 (Charakt.
2482 3144 2589 3204 des

382 3243 507 3302 Pol.
552 3262 610 3319 p.
659 3242 759 3325 39)
802 3262 981 3321 „man
1024 3256 1257 3322 erwage
1302 3244 1397 3304 die
1440 3263 1891 3321 consequenzen
1934 3244 2126 3304 dieser
2168 3242 2455 3308 Maxime,
2490 3242 2587 3303 die

385 3361 574 3419 gegen
617 3341 713 3401 die
754 3341 1101 3403 historische
1143 3343 1400 3404 Theorie
1442 3344 1742 3403 entweder
1773 3344 1919 3403 oder
1949 3342 2154 3403 Praxis
2182 3344 2287 3402 des
2308 3343 2589 3420 Polybius

388 3441 522 3500 sehr
582 3441 936 3536 unguntstige
1009 3443 1541 3535 Muthmassungen
1603 3443 1909 3502 erwecken
1971 3456 2226 3503 mussen.
2294 3477 2366 3485 -—
2434 3440 2587 3502 lbid.

390 3541 515 3615 „als
558 3541 670 3613 ob,
715 3559 885 3600 wenn
928 3543 1013 3601 oft
1055 3527 1428 3601 wesentliche
1471 3540 1669 3619 Dinge
1711 3540 2147 3619 verschwiegen
2178 3541 2448 3615 worden,
2480 3541 2589 3601 das

387 3638 650 3717 Uebrige
706 3639 867 3698 dann
921 3641 1079 3700 noch
1134 3640 1448 3719 eigentlich
1491 3643 1651 3700 wahr
1695 3640 1807 3700 sei!
1853 3641 2093 3700 Welche
2135 3639 2461 3717 Sophistik!
2507 3675 2586 3683 -

385 3737 573 3797 Ibid.:
640 3758 741 3815 „es
801 3737 876 3797 ist
929 3739 1056 3798 hier
1111 3741 1265 3800 wohl
1322 3762 1395 3799 zu
1445 3740 1769 3814 beachten‚
1812 3739 1955 3799 dasz
1998 3759 2061 3798 er
2103 3738 2200 3799 die
2241 3738 2427 3798 andre
2446 3793 2450 3799 ,
2469 3740 2584 3797 Art

330 3907 333 3910 ¹
387 3837 493 3896 des
536 3837 955 3914 Uebergehens
983 3837 1144 3897 einer
1171 3838 1367 3913 Notiz‚
1397 3838 1655 3898 namlich
1685 3837 2101 3898 absichtliches
2128 3836 2584 3916 Verschweigen

389 3954 495 3994 aus
548 3935 758 4013 irgend
813 3935 1004 3995 einem
1062 3937 1443 3997 unredlichen
1494 3937 1710 3997 Grund
1751 3937 1915 3997 nicht
1958 3947 2219 4014 genannt
2261 3937 2407 3997 oder
2448 3936 2587 3997 viel-

390 4035 556 4093 mehr
600 4034 904 4113 geschickt
944 4034 1139 4095 hinter
1183 4035 1291 4096 das
1331 4035 1686 4114 vieldeutige
1731 4042 1865 4097 κατὰ
1903 4047 2067 4115 κρίσιν
2113 4035 2409 4095 versteckt
2451 4036 2555 4094 hat
2571 4082 2586 4110 ,

390 4136 551 4193 denn
605 4145 940 4212 entgangen
980 4136 1203 4194 konnte
1247 4134 1328 4193 sie
1370 4134 1492 4193 ihm
1534 4134 1698 4194 nicht
1740 4133 1880 4193 sein.
1953 4137 2077 4194 Der
2120 4135 2335 4194 Grund
2374 4133 2589 4195 hievon

390 4231 465 4291 ist
527 4232 690 4291 nicht
746 4233 971 4292 schwer
1026 4232 1436 4292 einzusehen.”
1523 4234 1641 4293 Cfr.
1698 4236 1892 4292 Lucas
1946 4234 1983 4291 l.
2024 4233 2061 4292 1.
2109 4253 2165 4310 p.
2213 4236 2320 4307 26,
2364 4234 2588 4293 Brand-

390 4340 570 4391 stater
610 4332 646 4389 1.
692 4333 729 4390 l.
