3375 5084
1395 341 1514 398 109

355 519 554 575 versa
615 513 993 577 subtilitate
1056 513 1427 594 explanata
1484 501 1605 575 est.
1697 513 1999 575 Romani
2053 533 2188 594 quo
2235 523 2542 594 tempore

353 628 661 693 nuntium
710 628 1140 709 accipiebant
1186 626 1482 710 Sagunti
1527 629 1713 690 urbis
1745 629 1832 691 ab
1865 628 2253 691 Hannibale
2279 649 2543 710 oppug-

351 754 557 806 natae
575 793 590 819 ,
639 744 1005 807 credidisse
1052 745 1369 807 videntur
1414 764 1500 806 ea
1545 744 2056 825 oppugnatione
2102 743 2342 807 foedus
2389 765 2545 807 cum
2584 752 2591 759 '

352 859 791 923 Hasdrubale
852 861 1062 924 ictum
1123 860 1453 924 violatum
1517 880 1685 922 esse.
1777 859 1887 923 De
1949 860 2081 923 situ
2135 858 2430 942 Sagunti
2476 869 2547 924 et

352 975 538 1039 Iberi
592 982 834 1058 parum
881 987 1383 1059 cognoverant,
1430 978 1553 1039 sed
1598 977 1905 1040 sciebant
1950 976 2382 1041 Hasdrubali,
2415 984 2546 1039 ter-

346 1093 605 1155 minum
680 1094 1046 1174 quemdam
1124 1094 1545 1184 obstructum
1614 1112 1767 1154 esse
1836 1111 2041 1173 quem
2107 1111 2285 1159 nunc
2304 1140 2317 1166 ‚
2391 1101 2544 1153 curn

347 1209 575 1271 socios
645 1229 1007 1290 oppressos
1077 1229 1227 1272 esse
1290 1208 1714 1271 nuntiaretur
1730 1256 1744 1283 ,
1786 1199 2269 1273 ¹Hannibalem
2330 1217 2544 1271 trans-

345 1345 661 1407 gressum
709 1346 859 1388 esse
908 1325 1366 1406 opinarentur.
1440 1324 1551 1386 Ex
1594 1325 1726 1391 hac
1775 1324 2089 1406 opinione
2137 1323 2391 1386 factum
2422 1334 2544 1397 est,

346 1451 427 1503 ut
483 1441 597 1522 qui
643 1440 938 1522 primum
983 1420 1286 1506 Romani
1332 1440 1700 1521 scriptores
1745 1460 1853 1503 res
1898 1441 2031 1503 hoc
2077 1440 2266 1502 bello
2312 1449 2546 1522 gestas

345 1557 719 1620 memoriae
788 1557 1189 1621 tradiderint
1205 1606 1219 1633 ,
1282 1558 1397 1620 vel
1462 1558 1549 1619 de
1596 1556 1817 1620 causis
1863 1557 2029 1619 belli
2076 1556 2513 1621 disseruerint
2531 1605 2545 1631 ,

344 1671 420 1735 id
489 1671 792 1753 inprimis
864 1673 1133 1755 egerint
1193 1682 1270 1734 ut
1330 1673 1700 1753 probarent
1715 1720 1728 1747 ‚
1791 1670 2033 1734 foedus
2092 1671 2547 1736 Hasdrubalis

342 1796 573 1850 ratum
637 1809 805 1852 esse.
898 1788 1230 1875 Polybius
1264 1798 1411 1886 ‘eos
1466 1788 1860 1870 exscripsit,
1924 1808 2150 1851 errore
2211 1808 2349 1850 non
2410 1789 2549 1851 ani-

344 1905 711 1969 madverso
731 1955 746 1979 ‚
809 1925 1225 1993 quamquam
1288 1906 1374 1968 de
1437 1905 1570 1968 situ
1616 1902 1914 1988 Sagunti
1958 1904 2242 1967 meliora
2288 1905 2547 1978 doctus.

343 2017 494 2083 Sed
563 2033 720 2085 cum
788 2021 953 2083 sive
1002 2020 1306 2085 Romani
1376 2040 1541 2083 mox
1601 2020 2100 2084 intellexissent
2160 2017 2547 2102 Saguntum

340 2156 486 2199 non
547 2138 636 2200 ad
661 2136 923 2200 'foedus
968 2136 1421 2201 Hasdrubalis
1467 2136 1810 2218 pertinere
1830 2185 1844 2212 ,
1891 2137 2035 2199 sive
2081 2136 2297 2226 Poeni
2342 2136 2413 2198 id
2459 2137 2549 2198 ad

344 2253 622 2334 culpam
692 2253 1057 2316 levandam
1118 2253 1502 2316 movissent
1570 2252 1826 2336 (Livius
1892 2254 2025 2316 hoc
2086 2252 2546 2315 Hannibalem

344 2379 794 2433 excusantem
839 2368 1004 2432 facit
1021 2418 1035 2445 ,
1082 2370 1152 2432 in
1200 2369 1504 2432 oratione
1552 2370 1641 2431 ad
1685 2369 1936 2433 milites
1981 2369 2245 2433 habita:
2302 2378 2411 2443 „at
2452 2369 2549 2431 cis

343 2483 685 2547 Hiberum
762 2494 871 2559 est
944 2483 1385 2568 Saguntum’')
1463 2483 1920 2548 confitendum
1983 2494 2139 2547 'erat
2208 2484 2546 2548 Romanis

341 2599 518 2662 iHud
580 2599 821 2664 foedus
885 2621 1023 2663 non
1087 2622 1236 2664 esse
1301 2601 1634 2664 violatum
1651 2649 1666 2675 ,
1730 2610 1800 2663 et
1861 2601 1950 2662 ad
2010 2599 2251 2662 foedus
2296 2599 2549 2663 Lutatii

340 2718 835 2779 recurrendum
880 2716 962 2780 iis
1010 2727 1173 2781 erat.
1245 2716 1401 2779 Hoc
1448 2726 1677 2779 tamen
1724 2736 1861 2779 non
1906 2715 2069 2778 fecit
2108 2715 2360 2778 Livius.
2429 2715 2546 2785 Ab

343 2831 843 2912 antiquioribus
889 2853 1115 2897 rerum
1160 2833 1638 2896 Romanorum
1683 2832 2127 2914 scriptoribus
2143 2881 2157 2906 ,
2205 2848 2359 2894 cum
2400 2831 2548 2893 aliis

342 2967 391 3009 a
462 2946 720 3011 Catone
790 2948 905 3029 qui
977 2948 1248 3011 Poenos
1319 2949 1574 3012 sexties
1637 2969 1679 3010 a
1739 2947 2131 3010 foederibus
2176 2947 2547 3010 decessisse

343 3064 648 3145 scripsit,
715 3085 985 3147 semper
1045 3064 1286 3129 foedus
1348 3065 1800 3128 Hasdrubalis
1862 3064 1931 3127 in
1983 3084 2129 3127 rem
2176 3063 2408 3129 vocari
2452 3063 2549 3125 vi-

345 3182 563 3244 debat
579 3231 593 3256 ‚
639 3191 715 3244 ut
760 3182 1068 3255 iniuriam
1113 3182 1502 3246 Poenorum
1543 3181 1971 3265 manifestam
2003 3180 2323 3245 facerent.
2370 3180 2550 3243 Hinc

339 3296 585 3359 Livius
633 3297 778 3378 sive
826 3299 1008 3379 quod
1054 3298 1351 3379 priscum
1400 3316 1700 3360 errorem
1745 3317 1884 3359 non
1928 3296 2516 3361 animadvertisset
2532 3345 2547 3371 ,

343 3412 497 3476 sive
558 3423 634 3476 ut
693 3414 921 3495 potius
985 3416 1190 3477 credo
1255 3415 1440 3495 quod
1484 3413 1794 3479 fraudem
1840 3434 2057 3496 quam
2095 3413 2550 3477 committeret

340 3527 679 3591 leviorem
741 3548 892 3593 esse
955 3539 1229 3611 putaret
1244 3579 1259 3605 ,
1326 3531 1412 3592 de
1473 3548 1596 3592 suo
1658 3528 1857 3592 finxit
1917 3529 2110 3610 quasi
2156 3529 2226 3591 in
2271 3528 2546 3591 foedere

342 3644 599 3709 diserte
663 3643 1028 3727 Saguntini
1100 3646 1374 3727 excepti
1419 3656 1666 3709 essent.
1718 3716 1723 3723 ‚
1759 3645 1997 3709 Priore
2043 3646 2198 3708 loco
2215 3692 2230 3720 ,
2278 3644 2395 3706 ubi
2440 3662 2548 3706 res

345 3771 586 3843 gestas
650 3762 856 3826 tradit
874 3811 888 3836 ‚
951 3762 1022 3824 id
1084 3783 1238 3825 cum
1286 3763 1577 3844 quadam
1625 3762 2048 3826 dubitatione
2095 3760 2258 3825 fecit
2274 3810 2288 3836 ‚
2337 3770 2408 3823 et
2452 3760 2547 3822 ita

349 3886 429 3939 ut
475 3897 611 3939 non
658 3878 822 3942 satis
868 3877 1053 3941 clare
1100 3889 1432 3959 appareat
1477 3888 1703 3942 utrum
1747 3878 1818 3940 id
1863 3878 1932 3940 in
1962 3877 2238 3940 foedere
2270 3885 2547 3958 pactum

356 4013 513 4057 esse
561 3993 858 4057 voluerit
904 4015 991 4057 an
1023 4016 1062 4057 e
1094 3994 1371 4058 foedere
1402 3994 1788 4058 necessario
1820 3994 2012 4076 sequi
2037 3989 2097 4075 ¹).
2145 3990 2287 4057 Sed
2308 4002 2551 4074 postea

444 4255 484 4338 ¹)
526 4255 649 4316 Liv.
697 4258 860 4316 XXI.
906 4276 957 4316 e.
1007 4277 1038 4315 2
1083 4264 1111 4328 ξ
1157 4273 1187 4330 7
1235 4277 1412 4334 „cum
1453 4257 1571 4316 hoc
1611 4255 1992 4316 Hasdrubale
2037 4288 2107 4299 —
2144 4254 2353 4314 foedus
2382 4273 2550 4319 reno-

352 4366 597 4416 vaverat
651 4358 699 4414 P
776 4357 851 4415 R.
869 4402 884 4430 ,
938 4366 1001 4415 ut
1042 4355 1172 4414 finis
1215 4354 1520 4432 utriusque
1560 4353 1790 4432 imperii
1830 4363 1983 4414 esset
2023 4352 2215 4415 amnis
2256 4353 2516 4441 Hiberus
2534 4400 2572 4428 „
