<?xml version="1.0" encoding="UTF-8"?>
<!DOCTYPE html PUBLIC "-//W3C//DTD XHTML 1.0 Transitional//EN"
    "http://www.w3.org/TR/xhtml1/DTD/xhtml1-transitional.dtd">
<html xmlns="http://www.w3.org/1999/xhtml" xml:lang="en" lang="en">
 <head>
  <title>
</title>
<meta http-equiv="Content-Type" content="text/html;charset=utf-8" />
  <meta name='ocr-system' content='tesseract 3.04.00' />
  <meta name='ocr-capabilities' content='ocr_page ocr_carea ocr_par ocr_line ocrx_word'/>
</head>
<body>
  <div class='ocr_page' id='page_1' title='image "./depolybiifontib00wetegoog_0214.png"; bbox 0 0 3375 5084; ppageno 0'>
   <div class='ocr_carea' id='block_1_1' title="bbox 1901 355 2020 395">
    <p class='ocr_par' dir='ltr' id='par_1_1' title="bbox 1901 355 2020 395">
     <span class='ocr_line' id='line_1_1' title="bbox 1901 355 2020 395; baseline 0.017 -2"><span class='ocrx_word' id='word_1_1' title='bbox 1901 355 2020 395; x_wconf 90' lang='lat'><strong>202</strong></span> 
     </span>
    </p>
   </div>
   <div class='ocr_carea' id='block_1_2' title="bbox 872 525 3054 3274">
    <p class='ocr_par' dir='ltr' id='par_1_2' title="bbox 872 525 3047 1649">
     <span class='ocr_line' id='line_1_2' title="bbox 966 525 3040 610; baseline 0.001 -23"><span class='ocrx_word' id='word_1_2' title='bbox 966 525 1075 587; x_wconf 91' lang='lat' dir='ltr'><strong>De</strong></span> <span class='ocrx_word' id='word_1_3' title='bbox 1134 526 1379 589; x_wconf 78' lang='lat' dir='ltr'><strong>Perseo</strong></span> <span class='ocrx_word' id='word_1_4' title='bbox 1425 546 1583 610; x_wconf 69' lang='lat' dir='ltr'><strong>rege</strong></span> <span class='ocrx_word' id='word_1_5' title='bbox 1626 528 1958 608; x_wconf 88' lang='lat' dir='ltr'><strong>quosdam</strong></span> <span class='ocrx_word' id='word_1_6' title='bbox 1999 528 2304 590; x_wconf 84' lang='lat' dir='ltr'><strong>laudavit</strong></span> <span class='ocrx_word' id='word_1_7' title='bbox 2347 527 2677 610; x_wconf 88' lang='lat' dir='ltr'>Polybius</span> <span class='ocrx_word' id='word_1_8' title='bbox 2720 532 3014 591; x_wconf 80' lang='lat' dir='ltr'><em>auctores</em></span> <span class='ocrx_word' id='word_1_9' title='bbox 3027 577 3040 604; x_wconf 88' lang='lat'>‚</span> 
     </span>
     <span class='ocr_line' id='line_1_3' title="bbox 874 639 3041 725; baseline 0.004 -25"><span class='ocrx_word' id='word_1_10' title='bbox 874 639 1048 714; x_wconf 76' lang='grc' dir='ltr'><strong><em>τινὲς</em></strong></span> <span class='ocrx_word' id='word_1_11' title='bbox 1120 644 1250 706; x_wconf 74' lang='grc' dir='ltr'><strong>τῶν</strong></span> <span class='ocrx_word' id='word_1_12' title='bbox 1322 648 1835 725; x_wconf 74' lang='grc' dir='ltr'><strong>συγγραφόντων</strong></span> <span class='ocrx_word' id='word_1_13' title='bbox 1900 647 2045 722; x_wconf 80' lang='grc' dir='ltr'><strong><em>περὶ</em></strong></span> <span class='ocrx_word' id='word_1_14' title='bbox 2110 653 2222 707; x_wconf 84' lang='grc' dir='ltr'><strong>τοῦ</strong></span> <span class='ocrx_word' id='word_1_15' title='bbox 2285 651 2636 717; x_wconf 72' lang='grc' dir='ltr'><strong><em>συστάντος</em></strong></span> <span class='ocrx_word' id='word_1_16' title='bbox 2698 643 3041 725; x_wconf 80' lang='grc' dir='ltr'><strong><em>Ῥωμαίοις</em></strong></span> 
     </span>
     <span class='ocr_line' id='line_1_4' title="bbox 874 750 3045 841; baseline 0.002 -24"><span class='ocrx_word' id='word_1_17' title='bbox 874 750 1160 836; x_wconf 80' lang='grc' dir='ltr'><strong><em>πολέμου</em></strong></span> <span class='ocrx_word' id='word_1_18' title='bbox 1214 759 1370 840; x_wconf 80' lang='grc' dir='ltr'><strong><em>πρὸς</em></strong></span> <span class='ocrx_word' id='word_1_19' title='bbox 1418 755 1676 841; x_wconf 74' lang='grc' dir='ltr'><strong><em>Περσέα</em></strong></span> <span class='ocrx_word' id='word_1_20' title='bbox 1719 753 1780 838; x_wconf 89' lang='lat'><strong>¹).</strong></span> <span class='ocrx_word' id='word_1_21' title='bbox 1850 757 1969 820; x_wconf 92' lang='lat' dir='ltr'><strong>Ab</strong></span> <span class='ocrx_word' id='word_1_22' title='bbox 2013 759 2096 821; x_wconf 88' lang='lat' dir='ltr'><strong>iis</strong></span> <span class='ocrx_word' id='word_1_23' title='bbox 2140 758 2449 822; x_wconf 80' lang='lat' dir='ltr'><strong>dissentit</strong></span> <span class='ocrx_word' id='word_1_24' title='bbox 2493 760 2580 822; x_wconf 84' lang='lat' dir='ltr'><strong>de</strong></span> <span class='ocrx_word' id='word_1_25' title='bbox 2626 760 2844 822; x_wconf 85' lang='lat' dir='ltr'><strong>causis</strong></span> <span class='ocrx_word' id='word_1_26' title='bbox 2885 759 3045 822; x_wconf 84' lang='lat' dir='ltr'><strong>belli</strong></span> 
     </span>
     <span class='ocr_line' id='line_1_5' title="bbox 872 870 3043 958; baseline 0.002 -26"><span class='ocrx_word' id='word_1_27' title='bbox 872 870 1159 946; x_wconf 92' lang='lat' dir='ltr'><strong>Persici,</strong></span> <span class='ocrx_word' id='word_1_28' title='bbox 1226 872 1349 934; x_wconf 89' lang='lat' dir='ltr'><strong>sed</strong></span> <span class='ocrx_word' id='word_1_29' title='bbox 1407 872 1477 934; x_wconf 92' lang='lat' dir='ltr'><strong>id</strong></span> <span class='ocrx_word' id='word_1_30' title='bbox 1537 873 1760 955; x_wconf 87' lang='lat' dir='ltr'><strong>magis</strong></span> <span class='ocrx_word' id='word_1_31' title='bbox 1820 884 2128 937; x_wconf 88' lang='lat' dir='ltr'><strong>versatur</strong></span> <span class='ocrx_word' id='word_1_32' title='bbox 2188 875 2257 937; x_wconf 90' lang='lat' dir='ltr'><strong>in</strong></span> <span class='ocrx_word' id='word_1_33' title='bbox 2313 873 2804 958; x_wconf 84' lang='lat' dir='ltr'><strong>significatione</strong></span> <span class='ocrx_word' id='word_1_34' title='bbox 2859 875 3043 937; x_wconf 89' lang='lat' dir='ltr'><strong>verbi</strong></span> 
     </span>
     <span class='ocr_line' id='line_1_6' title="bbox 874 988 3039 1068; baseline 0.002 -19"><span class='ocrx_word' id='word_1_35' title='bbox 874 1006 1078 1050; x_wconf 90' lang='lat' dir='ltr'><strong>causa</strong></span> <span class='ocrx_word' id='word_1_36' title='bbox 1094 1035 1109 1061; x_wconf 92' lang='lat'><em>‚</em></span> <span class='ocrx_word' id='word_1_37' title='bbox 1167 1007 1372 1068; x_wconf 90' lang='lat' dir='ltr'><strong>quam</strong></span> <span class='ocrx_word' id='word_1_38' title='bbox 1424 988 1494 1050; x_wconf 91' lang='lat' dir='ltr'><strong>in</strong></span> <span class='ocrx_word' id='word_1_39' title='bbox 1549 990 1771 1052; x_wconf 90' lang='lat' dir='ltr'><strong>rebus.</strong></span> <span class='ocrx_word' id='word_1_40' title='bbox 1861 989 1971 1052; x_wconf 90' lang='lat' dir='ltr'><strong>De</strong></span> <span class='ocrx_word' id='word_1_41' title='bbox 2015 990 2215 1053; x_wconf 86' lang='lat' dir='ltr'><strong>huius</strong></span> <span class='ocrx_word' id='word_1_42' title='bbox 2257 991 2426 1052; x_wconf 84' lang='lat' dir='ltr'><strong>belli</strong></span> <span class='ocrx_word' id='word_1_43' title='bbox 2471 990 2858 1053; x_wconf 89' lang='lat' dir='ltr'><strong>auctoribus</strong></span> <span class='ocrx_word' id='word_1_44' title='bbox 2901 990 3039 1052; x_wconf 84' lang='lat' dir='ltr'><strong>Ro-</strong></span> 
     </span>
     <span class='ocr_line' id='line_1_7' title="bbox 872 1103 3039 1188; baseline 0.002 -23"><span class='ocrx_word' id='word_1_45' title='bbox 872 1103 1087 1166; x_wconf 87' lang='lat' dir='ltr'><strong>manis</strong></span> <span class='ocrx_word' id='word_1_46' title='bbox 1131 1123 1302 1185; x_wconf 91' lang='lat' dir='ltr'><strong>quos</strong></span> <span class='ocrx_word' id='word_1_47' title='bbox 1344 1105 1582 1168; x_wconf 84' lang='lat' dir='ltr'><strong>habuit</strong></span> <span class='ocrx_word' id='word_1_48' title='bbox 1624 1106 1761 1169; x_wconf 89' lang='lat' dir='ltr'><strong>vid.</strong></span> <span class='ocrx_word' id='word_1_49' title='bbox 1805 1106 1949 1169; x_wconf 89' lang='lat' dir='ltr'><strong>infr.</strong></span> <span class='ocrx_word' id='word_1_50' title='bbox 2044 1106 2153 1169; x_wconf 91' lang='lat' dir='ltr'><strong>De</strong></span> <span class='ocrx_word' id='word_1_51' title='bbox 2200 1106 2330 1170; x_wconf 91' lang='lat' dir='ltr'><strong>hoc</strong></span> <span class='ocrx_word' id='word_1_52' title='bbox 2375 1107 2562 1170; x_wconf 89' lang='lat' dir='ltr'><strong>bello</strong></span> <span class='ocrx_word' id='word_1_53' title='bbox 2608 1107 2873 1188; x_wconf 89' lang='lat' dir='ltr'><strong>scripsit</strong></span> <span class='ocrx_word' id='word_1_54' title='bbox 2916 1106 3039 1169; x_wconf 93' lang='lat' dir='ltr'><strong>Po-</strong></span> 
     </span>
     <span class='ocr_line' id='line_1_8' title="bbox 872 1219 3044 1304; baseline 0.002 -23"><span class='ocrx_word' id='word_1_55' title='bbox 872 1219 1172 1282; x_wconf 88' lang='lat' dir='ltr'>sidonius</span> <span class='ocrx_word' id='word_1_56' title='bbox 1239 1220 1511 1301; x_wconf 85' lang='lat' dir='ltr'><strong>quidam</strong></span> <span class='ocrx_word' id='word_1_57' title='bbox 1528 1269 1543 1296; x_wconf 90' lang='lat'>,</span> <span class='ocrx_word' id='word_1_58' title='bbox 1612 1242 1749 1303; x_wconf 92' lang='lat' dir='ltr'><strong>quo</strong></span> <span class='ocrx_word' id='word_1_59' title='bbox 1819 1222 2222 1286; x_wconf 83' lang='lat' dir='ltr'><strong>Plutarchus</strong></span> <span class='ocrx_word' id='word_1_60' title='bbox 2260 1222 2304 1304; x_wconf 84' lang='lat'><strong>²)</strong></span> <span class='ocrx_word' id='word_1_61' title='bbox 2366 1232 2643 1286; x_wconf 87' lang='lat' dir='ltr'><strong>auctore</strong></span> <span class='ocrx_word' id='word_1_62' title='bbox 2708 1243 2869 1285; x_wconf 90' lang='lat' dir='ltr'><strong>usus</strong></span> <span class='ocrx_word' id='word_1_63' title='bbox 2915 1232 3016 1285; x_wconf 89' lang='lat' dir='ltr'><strong>est</strong></span> <span class='ocrx_word' id='word_1_64' title='bbox 3031 1271 3044 1297; x_wconf 92' lang='lat'>‚</span> 
     </span>
     <span class='ocr_line' id='line_1_9' title="bbox 873 1335 3044 1420; baseline 0.002 -23"><span class='ocrx_word' id='word_1_65' title='bbox 873 1335 1062 1398; x_wconf 87' lang='lat' dir='ltr'><strong>cuius</strong></span> <span class='ocrx_word' id='word_1_66' title='bbox 1112 1335 1569 1411; x_wconf 83' lang='lat' dir='ltr'><strong>traditionem,</strong></span> <span class='ocrx_word' id='word_1_67' title='bbox 1615 1338 1768 1419; x_wconf 91' lang='lat' dir='ltr'><strong>regi</strong></span> <span class='ocrx_word' id='word_1_68' title='bbox 1813 1338 2065 1401; x_wconf 89' lang='lat' dir='ltr'><strong>Perseo</strong></span> <span class='ocrx_word' id='word_1_69' title='bbox 2109 1338 2307 1401; x_wconf 90' lang='lat' dir='ltr'><strong>nimis</strong></span> <span class='ocrx_word' id='word_1_70' title='bbox 2352 1337 2699 1401; x_wconf 89' lang='lat' dir='ltr'><strong>faventem</strong></span> <span class='ocrx_word' id='word_1_71' title='bbox 2716 1387 2731 1413; x_wconf 92' lang='lat'>,</span> <span class='ocrx_word' id='word_1_72' title='bbox 2778 1338 3044 1420; x_wconf 92' lang='lat' dir='ltr'><strong>Polybii</strong></span> 
     </span>
     <span class='ocr_line' id='line_1_10' title="bbox 874 1449 3047 1537; baseline 0.001 -23"><span class='ocrx_word' id='word_1_73' title='bbox 874 1460 944 1514; x_wconf 96' lang='lat' dir='ltr'><strong>et</strong></span> <span class='ocrx_word' id='word_1_74' title='bbox 990 1449 1327 1533; x_wconf 83' lang='lat' dir='ltr'><strong>Scipionis</strong></span> <span class='ocrx_word' id='word_1_75' title='bbox 1370 1452 1661 1516; x_wconf 81' lang='lat' dir='ltr'><strong>Nasicae</strong></span> <span class='ocrx_word' id='word_1_76' title='bbox 1709 1474 2056 1537; x_wconf 91' lang='lat' dir='ltr'><strong>opponere</strong></span> <span class='ocrx_word' id='word_1_77' title='bbox 2101 1454 2279 1518; x_wconf 89' lang='lat' dir='ltr'><strong>solet</strong></span> <span class='ocrx_word' id='word_1_78' title='bbox 2309 1454 2371 1536; x_wconf 79' lang='lat'><strong>³).</strong></span> <span class='ocrx_word' id='word_1_79' title='bbox 2439 1454 2605 1517; x_wconf 89' lang='lat' dir='ltr'><strong>Eius</strong></span> <span class='ocrx_word' id='word_1_80' title='bbox 2632 1455 2842 1517; x_wconf 91' lang='lat' dir='ltr'><strong>libros</strong></span> <span class='ocrx_word' id='word_1_81' title='bbox 2867 1463 3047 1518; x_wconf 88' lang='lat' dir='ltr'><strong>certe</strong></span> 
     </span>
     <span class='ocr_line' id='line_1_11' title="bbox 875 1567 1590 1649; baseline 0.001 -19"><span class='ocrx_word' id='word_1_82' title='bbox 875 1567 1204 1649; x_wconf 90' lang='lat' dir='ltr'><strong>cognovit</strong></span> <span class='ocrx_word' id='word_1_83' title='bbox 1247 1568 1590 1649; x_wconf 89' lang='lat' dir='ltr'><strong>Polybius.</strong></span> 
     </span>
    </p>

    <p class='ocr_par' dir='ltr' id='par_1_3' title="bbox 872 1682 3054 3040">
     <span class='ocr_line' id='line_1_12' title="bbox 963 1682 3048 1770; baseline 0.001 -24"><span class='ocrx_word' id='word_1_84' title='bbox 963 1682 1291 1747; x_wconf 63' lang='lat' dir='ltr'><strong>Auchres</strong></span> <span class='ocrx_word' id='word_1_85' title='bbox 1350 1683 1648 1748; x_wconf 76' lang='lat' dir='ltr'><strong>Rhodios</strong></span> <span class='ocrx_word' id='word_1_86' title='bbox 1706 1687 1956 1749; x_wconf 91' lang='lat' dir='ltr'><strong>multos</strong></span> <span class='ocrx_word' id='word_1_87' title='bbox 2017 1687 2193 1769; x_wconf 93' lang='lat' dir='ltr'><strong>legit</strong></span> <span class='ocrx_word' id='word_1_88' title='bbox 2250 1686 2607 1769; x_wconf 79' lang='lat' dir='ltr'><strong>Polybiu5‚</strong></span> <span class='ocrx_word' id='word_1_89' title='bbox 2651 1687 3048 1770; x_wconf 88' lang='lat' dir='ltr'><strong>praecipuos</strong></span> 
     </span>
     <span class='ocr_line' id='line_1_13' title="bbox 872 1799 3050 1865; baseline 0.001 -5"><span class='ocrx_word' id='word_1_90' title='bbox 872 1799 1144 1862; x_wconf 90' lang='lat' dir='ltr'><strong>nomine</strong></span> <span class='ocrx_word' id='word_1_91' title='bbox 1204 1799 1528 1863; x_wconf 90' lang='lat' dir='ltr'><strong>indicavit</strong></span> <span class='ocrx_word' id='word_1_92' title='bbox 1590 1800 1925 1865; x_wconf 82' lang='lat' dir='ltr'><strong>Zenonem</strong></span> <span class='ocrx_word' id='word_1_93' title='bbox 1988 1811 2061 1865; x_wconf 90' lang='lat' dir='ltr'><strong>et</strong></span> <span class='ocrx_word' id='word_1_94' title='bbox 2102 1799 2593 1865; x_wconf 66' lang='lat' dir='ltr'><strong>Antzkthenem.</strong></span> <span class='ocrx_word' id='word_1_95' title='bbox 2684 1802 2776 1865; x_wconf 92' lang='lat' dir='ltr'><strong>Iis</strong></span> <span class='ocrx_word' id='word_1_96' title='bbox 2820 1802 3050 1865; x_wconf 88' lang='lat' dir='ltr'><strong>debuit</strong></span> 
     </span>
     <span class='ocr_line' id='line_1_14' title="bbox 872 1915 3047 2002; baseline 0.001 -24"><span class='ocrx_word' id='word_1_97' title='bbox 872 1915 1206 1998; x_wconf 88' lang='lat' dir='ltr'><strong>Polybius</strong></span> <span class='ocrx_word' id='word_1_98' title='bbox 1262 1916 1722 1999; x_wconf 86' lang='lat' dir='ltr'><strong>cognitionem</strong></span> <span class='ocrx_word' id='word_1_99' title='bbox 1765 1937 1988 1982; x_wconf 90' lang='lat' dir='ltr'><strong>rerum</strong></span> <span class='ocrx_word' id='word_1_100' title='bbox 2035 1920 2124 1982; x_wconf 89' lang='lat' dir='ltr'><strong>ad</strong></span> <span class='ocrx_word' id='word_1_101' title='bbox 2167 1919 2499 1981; x_wconf 89' lang='lat' dir='ltr'><strong>Rhodum</strong></span> <span class='ocrx_word' id='word_1_102' title='bbox 2543 1919 3020 2002; x_wconf 87' lang='lat' dir='ltr'><strong>pertinentium</strong></span> <span class='ocrx_word' id='word_1_103' title='bbox 3033 1966 3047 1993; x_wconf 91' lang='lat'>‚</span> 
     </span>
     <span class='ocr_line' id='line_1_15' title="bbox 874 2032 3048 2116; baseline 0.001 -23"><span class='ocrx_word' id='word_1_104' title='bbox 874 2051 1011 2093; x_wconf 91' lang='lat' dir='ltr'><strong>non</strong></span> <span class='ocrx_word' id='word_1_105' title='bbox 1056 2032 1277 2094; x_wconf 91' lang='lat' dir='ltr'><strong>solum</strong></span> <span class='ocrx_word' id='word_1_106' title='bbox 1320 2032 1489 2095; x_wconf 85' lang='lat' dir='ltr'><strong>initii</strong></span> <span class='ocrx_word' id='word_1_107' title='bbox 1531 2033 1700 2095; x_wconf 85' lang='lat' dir='ltr'><strong>belli</strong></span> <span class='ocrx_word' id='word_1_108' title='bbox 1743 2033 1812 2095; x_wconf 88' lang='lat' dir='ltr'>H</span> <span class='ocrx_word' id='word_1_109' title='bbox 1856 2033 2286 2098; x_wconf 87' lang='lat' dir='ltr'><strong>Macedonici</strong></span> <span class='ocrx_word' id='word_1_110' title='bbox 2329 2055 2387 2097; x_wconf 90' lang='lat' dir='ltr'><strong>a.</strong></span> <span class='ocrx_word' id='word_1_111' title='bbox 2439 2056 2557 2097; x_wconf 88' lang='lat'><strong>201</strong></span> <span class='ocrx_word' id='word_1_112' title='bbox 2615 2054 2730 2115; x_wconf 68' lang='lat' dir='ltr'><strong>sq„</strong></span> <span class='ocrx_word' id='word_1_113' title='bbox 2776 2053 3048 2116; x_wconf 85' lang='lat' dir='ltr'><strong>pugnae</strong></span> 
     </span>
     <span class='ocr_line' id='line_1_16' title="bbox 872 2146 3049 2233; baseline 0.001 -25"><span class='ocrx_word' id='word_1_114' title='bbox 872 2146 1135 2210; x_wconf 89' lang='lat' dir='ltr'><strong>navalis</strong></span> <span class='ocrx_word' id='word_1_115' title='bbox 1194 2148 1283 2209; x_wconf 88' lang='lat' dir='ltr'><strong>ad</strong></span> <span class='ocrx_word' id='word_1_116' title='bbox 1343 2146 1586 2210; x_wconf 90' lang='lat' dir='ltr'><strong>Chium</strong></span> <span class='ocrx_word' id='word_1_117' title='bbox 1645 2158 1887 2231; x_wconf 83' lang='lat' dir='ltr'><strong>gestae</strong></span> <span class='ocrx_word' id='word_1_118' title='bbox 1947 2148 2164 2231; x_wconf 83' lang='lat' dir='ltr'><strong>(XVI.</strong></span> <span class='ocrx_word' id='word_1_119' title='bbox 2227 2169 2281 2213; x_wconf 93' lang='lat' dir='ltr'><strong>c.</strong></span> <span class='ocrx_word' id='word_1_120' title='bbox 2331 2172 2457 2228; x_wconf 85' lang='lat'><strong>3—-</strong></span> <span class='ocrx_word' id='word_1_121' title='bbox 2468 2150 2525 2233; x_wconf 91' lang='lat'><strong>7)</strong></span> <span class='ocrx_word' id='word_1_122' title='bbox 2571 2159 2643 2213; x_wconf 90' lang='lat' dir='ltr'><strong>et</strong></span> <span class='ocrx_word' id='word_1_123' title='bbox 2686 2151 2775 2212; x_wconf 91' lang='lat' dir='ltr'><strong>ad</strong></span> <span class='ocrx_word' id='word_1_124' title='bbox 2818 2149 3049 2212; x_wconf 89' lang='lat' dir='ltr'><strong>Laden</strong></span> 
     </span>
     <span class='ocr_line' id='line_1_17' title="bbox 875 2263 3052 2348; baseline 0 -23"><span class='ocrx_word' id='word_1_125' title='bbox 875 2263 1099 2346; x_wconf 89' lang='lat' dir='ltr'><strong>(quam</strong></span> <span class='ocrx_word' id='word_1_126' title='bbox 1174 2273 1488 2327; x_wconf 87' lang='lat' dir='ltr'><strong>accurate</strong></span> <span class='ocrx_word' id='word_1_127' title='bbox 1563 2266 1651 2327; x_wconf 90' lang='lat' dir='ltr'><strong>ab</strong></span> <span class='ocrx_word' id='word_1_128' title='bbox 1721 2264 1803 2327; x_wconf 90' lang='lat' dir='ltr'><strong>iis</strong></span> <span class='ocrx_word' id='word_1_129' title='bbox 1870 2266 2280 2348; x_wconf 88' lang='lat' dir='ltr'><strong>descriptam</strong></span> <span class='ocrx_word' id='word_1_130' title='bbox 2346 2286 2497 2329; x_wconf 90' lang='lat' dir='ltr'><strong>esse</strong></span> <span class='ocrx_word' id='word_1_131' title='bbox 2567 2266 2665 2329; x_wconf 89' lang='lat' dir='ltr'><strong>ait</strong></span> <span class='ocrx_word' id='word_1_132' title='bbox 2727 2265 3052 2347; x_wconf 89' lang='lat' dir='ltr'><strong>Polybius</strong></span> 
     </span>
     <span class='ocr_line' id='line_1_18' title="bbox 872 2378 3050 2465; baseline 0 -24"><span class='ocrx_word' id='word_1_133' title='bbox 872 2378 1069 2441; x_wconf 89' lang='lat' dir='ltr'><strong>XVI.</strong></span> <span class='ocrx_word' id='word_1_134' title='bbox 1142 2401 1164 2441; x_wconf 92' lang='lat'>1</span> <span class='ocrx_word' id='word_1_135' title='bbox 1180 2399 1214 2458; x_wconf 86' lang='lat'>5</span> <span class='ocrx_word' id='word_1_136' title='bbox 1237 2428 1251 2455; x_wconf 91' lang='lat'>‚</span> <span class='ocrx_word' id='word_1_137' title='bbox 1312 2380 1439 2442; x_wconf 90' lang='lat' dir='ltr'><strong>nisi</strong></span> <span class='ocrx_word' id='word_1_138' title='bbox 1499 2382 1682 2462; x_wconf 91' lang='lat' dir='ltr'><strong>quod</strong></span> <span class='ocrx_word' id='word_1_139' title='bbox 1744 2381 2066 2463; x_wconf 91' lang='lat' dir='ltr'><strong>Philippo</strong></span> <span class='ocrx_word' id='word_1_140' title='bbox 2121 2383 2272 2465; x_wconf 90' lang='lat' dir='ltr'><strong>regi</strong></span> <span class='ocrx_word' id='word_1_141' title='bbox 2324 2400 2684 2464; x_wconf 90' lang='lat' dir='ltr'><strong>perperam</strong></span> <span class='ocrx_word' id='word_1_142' title='bbox 2726 2380 3050 2444; x_wconf 84' lang='lat' dir='ltr'><strong>victoriae</strong></span> 
     </span>
     <span class='ocr_line' id='line_1_19' title="bbox 874 2494 3052 2578; baseline 0 -22"><span class='ocrx_word' id='word_1_143' title='bbox 874 2494 1166 2576; x_wconf 89' lang='lat' dir='ltr'><strong>gloriam</strong></span> <span class='ocrx_word' id='word_1_144' title='bbox 1226 2494 1694 2577; x_wconf 86' lang='lat' dir='ltr'><strong>detraxerint),</strong></span> <span class='ocrx_word' id='word_1_145' title='bbox 1756 2497 1878 2559; x_wconf 90' lang='lat' dir='ltr'><strong>sed</strong></span> <span class='ocrx_word' id='word_1_146' title='bbox 1938 2498 2144 2560; x_wconf 90' lang='lat' dir='ltr'><strong>etiam</strong></span> <span class='ocrx_word' id='word_1_147' title='bbox 2159 2546 2174 2573; x_wconf 90' lang='lat'>,</span> <span class='ocrx_word' id='word_1_148' title='bbox 2238 2507 2315 2561; x_wconf 92' lang='lat' dir='ltr'><strong>ut</strong></span> <span class='ocrx_word' id='word_1_149' title='bbox 2372 2498 2644 2560; x_wconf 89' lang='lat' dir='ltr'><strong>videtur</strong></span> <span class='ocrx_word' id='word_1_150' title='bbox 2658 2546 2673 2572; x_wconf 92' lang='lat'><em>‚</em></span> <span class='ocrx_word' id='word_1_151' title='bbox 2730 2495 3052 2578; x_wconf 89' lang='lat' dir='ltr'><strong>temporis</strong></span> 
     </span>
     <span class='ocr_line' id='line_1_20' title="bbox 875 2610 3054 2694; baseline 0 -21"><span class='ocrx_word' id='word_1_152' title='bbox 875 2610 1270 2692; x_wconf 89' lang='lat' dir='ltr'><strong>superioris;</strong></span> <span class='ocrx_word' id='word_1_153' title='bbox 1318 2631 1423 2674; x_wconf 81' lang='lat' dir='ltr'><strong>ex.</strong></span> <span class='ocrx_word' id='word_1_154' title='bbox 1470 2632 1571 2694; x_wconf 91' lang='lat' dir='ltr'><strong>gr.</strong></span> <span class='ocrx_word' id='word_1_155' title='bbox 1603 2623 1994 2676; x_wconf 88' lang='lat' dir='ltr'><strong>accuratum</strong></span> <span class='ocrx_word' id='word_1_156' title='bbox 2023 2632 2377 2677; x_wconf 88' lang='lat' dir='ltr'><strong>recensum</strong></span> <span class='ocrx_word' id='word_1_157' title='bbox 2408 2615 2740 2676; x_wconf 90' lang='lat' dir='ltr'><strong>donorum</strong></span> <span class='ocrx_word' id='word_1_158' title='bbox 2763 2610 3054 2675; x_wconf 87' lang='lat' dir='ltr'><strong>Rhodiis</strong></span> 
     </span>
     <span class='ocr_line' id='line_1_21' title="bbox 874 2727 3053 2809; baseline 0 -21"><span class='ocrx_word' id='word_1_159' title='bbox 874 2747 917 2788; x_wconf 91' lang='lat' dir='ltr'><strong>a</strong></span> <span class='ocrx_word' id='word_1_160' title='bbox 961 2727 1239 2809; x_wconf 87' lang='lat' dir='ltr'><strong>regibus</strong></span> <span class='ocrx_word' id='word_1_161' title='bbox 1285 2728 1638 2790; x_wconf 89' lang='lat' dir='ltr'><strong>missorum</strong></span> <span class='ocrx_word' id='word_1_162' title='bbox 1685 2748 1841 2791; x_wconf 91' lang='lat' dir='ltr'><strong>cum</strong></span> <span class='ocrx_word' id='word_1_163' title='bbox 1884 2738 2107 2791; x_wconf 89' lang='lat' dir='ltr'><strong>terrae</strong></span> <span class='ocrx_word' id='word_1_164' title='bbox 2151 2737 2343 2792; x_wconf 91' lang='lat' dir='ltr'><strong>motu</strong></span> <span class='ocrx_word' id='word_1_165' title='bbox 2372 2730 2694 2792; x_wconf 86' lang='lat' dir='ltr'><strong>damnum</strong></span> <span class='ocrx_word' id='word_1_166' title='bbox 2716 2727 3053 2809; x_wconf 86' lang='lat' dir='ltr'><strong>cepissent</strong></span> 
     </span>
     <span class='ocr_line' id='line_1_22' title="bbox 874 2840 3052 2926; baseline 0 -22"><span class='ocrx_word' id='word_1_167' title='bbox 874 2840 979 2923; x_wconf 77' lang='lat' dir='ltr'><strong>(V.</strong></span> <span class='ocrx_word' id='word_1_168' title='bbox 1030 2840 1341 2923; x_wconf 85' lang='lat'>88—90)‚</span> <span class='ocrx_word' id='word_1_169' title='bbox 1389 2851 1459 2905; x_wconf 92' lang='lat' dir='ltr'><strong>et</strong></span> <span class='ocrx_word' id='word_1_170' title='bbox 1501 2852 1777 2924; x_wconf 89' lang='lat' dir='ltr'><strong>praeter</strong></span> <span class='ocrx_word' id='word_1_171' title='bbox 1806 2843 1975 2906; x_wconf 89' lang='lat' dir='ltr'><strong>alias</strong></span> <span class='ocrx_word' id='word_1_172' title='bbox 2005 2864 2113 2907; x_wconf 89' lang='lat' dir='ltr'><strong>res</strong></span> <span class='ocrx_word' id='word_1_173' title='bbox 2142 2844 2415 2907; x_wconf 84' lang='lat' dir='ltr'><strong>iniurias</strong></span> <span class='ocrx_word' id='word_1_174' title='bbox 2446 2865 2491 2907; x_wconf 89' lang='lat' dir='ltr'><strong>a</strong></span> <span class='ocrx_word' id='word_1_175' title='bbox 2512 2843 2835 2926; x_wconf 93' lang='lat' dir='ltr'><strong>Philippo</strong></span> <span class='ocrx_word' id='word_1_176' title='bbox 2862 2842 3052 2906; x_wconf 90' lang='lat' dir='ltr'><strong>Rho-</strong></span> 
     </span>
     <span class='ocr_line' id='line_1_23' title="bbox 875 2957 2896 3040; baseline 0.002 -21"><span class='ocrx_word' id='word_1_177' title='bbox 875 2957 1002 3019; x_wconf 84' lang='lat' dir='ltr'><strong>diis</strong></span> <span class='ocrx_word' id='word_1_178' title='bbox 1048 2958 1244 3020; x_wconf 84' lang='lat' dir='ltr'><strong>datas</strong></span> <span class='ocrx_word' id='word_1_179' title='bbox 1289 2978 1347 3020; x_wconf 90' lang='lat' dir='ltr'><strong>a.</strong></span> <span class='ocrx_word' id='word_1_180' title='bbox 1400 2977 1520 3036; x_wconf 87' lang='lat'><strong>205</strong></span> <span class='ocrx_word' id='word_1_181' title='bbox 1571 2957 1791 3040; x_wconf 84' lang='grc' dir='ltr'><strong>(ΧΠΙ.</strong></span> <span class='ocrx_word' id='word_1_182' title='bbox 1839 2977 1895 3021; x_wconf 91' lang='lat' dir='ltr'><strong>c.</strong></span> <span class='ocrx_word' id='word_1_183' title='bbox 1944 2959 2156 3039; x_wconf 88' lang='lat'><strong>4—5).</strong></span> <span class='ocrx_word' id='word_1_184' title='bbox 2892 2972 2896 2978; x_wconf 88' lang='lat'>&#39;</span> 
     </span>
    </p>

    <p class='ocr_par' dir='ltr' id='par_1_4' title="bbox 875 3071 3054 3274">
     <span class='ocr_line' id='line_1_24' title="bbox 963 3071 3054 3157; baseline -0 -23"><span class='ocrx_word' id='word_1_185' title='bbox 963 3072 1142 3135; x_wconf 90' lang='lat' dir='ltr'><strong>Belli</strong></span> <span class='ocrx_word' id='word_1_186' title='bbox 1212 3071 1479 3154; x_wconf 85' lang='lat' dir='ltr'><strong>Syriaci</strong></span> <span class='ocrx_word' id='word_1_187' title='bbox 1548 3093 1703 3136; x_wconf 92' lang='lat' dir='ltr'><strong>cum</strong></span> <span class='ocrx_word' id='word_1_188' title='bbox 1769 3072 2116 3138; x_wconf 88' lang='lat' dir='ltr'><strong>Antiocho</strong></span> <span class='ocrx_word' id='word_1_189' title='bbox 2178 3095 2237 3138; x_wconf 88' lang='lat' dir='ltr'><strong>a.</strong></span> <span class='ocrx_word' id='word_1_190' title='bbox 2308 3097 2330 3137; x_wconf 92' lang='lat'>1</span> <span class='ocrx_word' id='word_1_191' title='bbox 2345 3097 2430 3155; x_wconf 89' lang='lat'><strong>90</strong></span> <span class='ocrx_word' id='word_1_192' title='bbox 2491 3075 2674 3157; x_wconf 89' lang='lat' dir='ltr'><strong>gesti</strong></span> <span class='ocrx_word' id='word_1_193' title='bbox 2734 3071 3054 3155; x_wconf 88' lang='lat' dir='ltr'><strong>quidquid</strong></span> 
     </span>
     <span class='ocr_line' id='line_1_25' title="bbox 875 3188 3054 3274; baseline -0 -23"><span class='ocrx_word' id='word_1_194' title='bbox 875 3189 965 3251; x_wconf 88' lang='lat' dir='ltr'><strong>ad</strong></span> <span class='ocrx_word' id='word_1_195' title='bbox 1027 3188 1498 3269; x_wconf 83' lang='lat' dir='ltr'><strong>expeditiones</strong></span> <span class='ocrx_word' id='word_1_196' title='bbox 1559 3190 1931 3253; x_wconf 88' lang='lat' dir='ltr'><strong>maritimas</strong></span> <span class='ocrx_word' id='word_1_197' title='bbox 1977 3200 2047 3254; x_wconf 92' lang='lat' dir='ltr'><strong>et</strong></span> <span class='ocrx_word' id='word_1_198' title='bbox 2090 3211 2361 3274; x_wconf 88' lang='lat' dir='ltr'><strong>pugnas</strong></span> <span class='ocrx_word' id='word_1_199' title='bbox 2404 3192 2687 3254; x_wconf 87' lang='lat' dir='ltr'><strong>navales</strong></span> <span class='ocrx_word' id='word_1_200' title='bbox 2730 3191 3026 3272; x_wconf 89' lang='lat' dir='ltr'><strong>pertinet</strong></span> <span class='ocrx_word' id='word_1_201' title='bbox 3040 3234 3054 3261; x_wconf 91' lang='lat'>,</span> 
     </span>
    </p>
   </div>
   <div class='ocr_carea' id='block_1_3' title="bbox 884 3369 1243 3376">
    <p class='ocr_par' dir='ltr' id='par_1_5' title="bbox 884 3369 1243 3376">
     <span class='ocr_line' id='line_1_26' title="bbox 884 3369 1243 3376; baseline 0 1708"><span class='ocrx_word' id='word_1_202' title='bbox 884 3369 1243 3376; x_wconf 95' lang='lat' dir='ltr'><strong> </strong></span> 
     </span>
    </p>
   </div>
   <div class='ocr_carea' id='block_1_4' title="bbox 963 3476 1622 3558">
    <p class='ocr_par' dir='ltr' id='par_1_6' title="bbox 963 3476 1622 3558">
     <span class='ocr_line' id='line_1_27' title="bbox 963 3476 1622 3558; baseline 0.002 -22"><span class='ocrx_word' id='word_1_203' title='bbox 963 3476 1003 3558; x_wconf 91' lang='lat'><strong>¹)</strong></span> <span class='ocrx_word' id='word_1_204' title='bbox 1044 3479 1111 3536; x_wconf 90' lang='lat' dir='ltr'><strong>P.</strong></span> <span class='ocrx_word' id='word_1_205' title='bbox 1154 3478 1349 3536; x_wconf 91' lang='lat' dir='ltr'><strong>XXII.</strong></span> <span class='ocrx_word' id='word_1_206' title='bbox 1397 3497 1447 3537; x_wconf 91' lang='lat' dir='ltr'><strong>c.</strong></span> <span class='ocrx_word' id='word_1_207' title='bbox 1498 3493 1622 3537; x_wconf 66' lang='lat'><strong>222.</strong></span> 
     </span>
    </p>
   </div>
   <div class='ocr_carea' id='block_1_5' title="bbox 869 3574 3061 4438">
    <p class='ocr_par' dir='ltr' id='par_1_7' title="bbox 869 3574 3061 4245">
     <span class='ocr_line' id='line_1_28' title="bbox 953 3574 3061 3659; baseline 0 -24"><span class='ocrx_word' id='word_1_208' title='bbox 953 3574 1005 3657; x_wconf 82' lang='lat'><strong>2)</strong></span> <span class='ocrx_word' id='word_1_209' title='bbox 1045 3576 1198 3636; x_wconf 92' lang='lat' dir='ltr'><strong>Plut.</strong></span> <span class='ocrx_word' id='word_1_210' title='bbox 1257 3579 1429 3636; x_wconf 89' lang='lat' dir='ltr'><strong>Aem.</strong></span> <span class='ocrx_word' id='word_1_211' title='bbox 1480 3578 1547 3636; x_wconf 94' lang='lat' dir='ltr'><strong>P.</strong></span> <span class='ocrx_word' id='word_1_212' title='bbox 1604 3596 1655 3636; x_wconf 85' lang='lat' dir='ltr'><strong>e.</strong></span> <span class='ocrx_word' id='word_1_213' title='bbox 1716 3597 1821 3654; x_wconf 88' lang='lat'><strong>19:</strong></span> <span class='ocrx_word' id='word_1_214' title='bbox 1865 3582 2202 3647; x_wconf 78' lang='grc' dir='ltr'><strong><em>Ποσειδώνιός</em></strong></span> <span class='ocrx_word' id='word_1_215' title='bbox 2236 3606 2346 3652; x_wconf 81' lang='grc' dir='ltr'><strong><em>τις,</em></strong></span> <span class='ocrx_word' id='word_1_216' title='bbox 2385 3585 2435 3639; x_wconf 80' lang='grc' dir='ltr'><strong>ἐν</strong></span> <span class='ocrx_word' id='word_1_217' title='bbox 2474 3584 2681 3648; x_wconf 81' lang='grc' dir='ltr'><strong>ἐκείνοις</strong></span> <span class='ocrx_word' id='word_1_218' title='bbox 2715 3590 2826 3647; x_wconf 85' lang='grc' dir='ltr'><strong><em>τοῖς</em></strong></span> <span class='ocrx_word' id='word_1_219' title='bbox 2860 3584 3061 3659; x_wconf 81' lang='grc' dir='ltr'>χρόνοις</span> 
     </span>
     <span class='ocr_line' id='line_1_29' title="bbox 869 3680 3060 3757; baseline -0.001 -21"><span class='ocrx_word' id='word_1_220' title='bbox 869 3681 958 3737; x_wconf 83' lang='grc' dir='ltr'><strong>καὶ</strong></span> <span class='ocrx_word' id='word_1_221' title='bbox 995 3690 1110 3745; x_wconf 82' lang='grc' dir='ltr'><strong><em>ταῖς</em></strong></span> <span class='ocrx_word' id='word_1_222' title='bbox 1148 3682 1364 3756; x_wconf 83' lang='grc' dir='ltr'><strong><em>πράξεσι</em></strong></span> <span class='ocrx_word' id='word_1_223' title='bbox 1397 3683 1664 3756; x_wconf 74' lang='grc' dir='ltr'><strong><em>’γεγονέναι</em></strong></span> <span class='ocrx_word' id='word_1_224' title='bbox 1705 3681 1892 3756; x_wconf 77' lang='grc' dir='ltr'><strong>λέγων,</strong></span> <span class='ocrx_word' id='word_1_225' title='bbox 1935 3682 2163 3756; x_wconf 84' lang='grc' dir='ltr'><strong><em>ἱστορίαν</em></strong></span> <span class='ocrx_word' id='word_1_226' title='bbox 2203 3681 2262 3737; x_wconf 72' lang='grc' dir='ltr'><strong>δὲ</strong></span> <span class='ocrx_word' id='word_1_227' title='bbox 2296 3684 2564 3757; x_wconf 72' lang='grc' dir='ltr'><strong><em>’γεγραφὼς</em></strong></span> <span class='ocrx_word' id='word_1_228' title='bbox 2597 3680 2714 3757; x_wconf 82' lang='grc' dir='ltr'>περὶ</span> <span class='ocrx_word' id='word_1_229' title='bbox 2751 3685 2982 3756; x_wconf 81' lang='grc' dir='ltr'><strong><em>Περσέως</em></strong></span> <span class='ocrx_word' id='word_1_230' title='bbox 3013 3680 3060 3735; x_wconf 78' lang='grc' dir='ltr'><strong>ἐν</strong></span> 
     </span>
     <span class='ocr_line' id='line_1_30' title="bbox 870 3773 3059 3855; baseline -0.002 -18"><span class='ocrx_word' id='word_1_231' title='bbox 870 3779 1072 3837; x_wconf 80' lang='grc' dir='ltr'><strong>πλείοσι</strong></span> <span class='ocrx_word' id='word_1_232' title='bbox 1109 3780 1368 3855; x_wconf 81' lang='grc' dir='ltr'><strong><em>βιβλίοις;</em></strong></span> <span class='ocrx_word' id='word_1_233' title='bbox 1411 3773 1461 3833; x_wconf 92' lang='lat' dir='ltr'><strong>is</strong></span> <span class='ocrx_word' id='word_1_234' title='bbox 1502 3773 1824 3835; x_wconf 85' lang='lat' dir='ltr'><strong>Plutarcho</strong></span> <span class='ocrx_word' id='word_1_235' title='bbox 1860 3773 2056 3833; x_wconf 90' lang='lat' dir='ltr'><strong>iudice</strong></span> <span class='ocrx_word' id='word_1_236' title='bbox 2096 3774 2213 3834; x_wconf 91' lang='lat' dir='ltr'><strong>hoc</strong></span> <span class='ocrx_word' id='word_1_237' title='bbox 2243 3774 2487 3835; x_wconf 88' lang='lat' dir='ltr'><strong>consilio</strong></span> <span class='ocrx_word' id='word_1_238' title='bbox 2516 3774 2750 3852; x_wconf 86' lang='lat' dir='ltr'><strong>scripsit</strong></span> <span class='ocrx_word' id='word_1_239' title='bbox 2777 3784 2845 3833; x_wconf 89' lang='lat' dir='ltr'><strong>ut</strong></span> <span class='ocrx_word' id='word_1_240' title='bbox 2864 3792 3059 3853; x_wconf 88' lang='lat' dir='ltr'><strong>regem</strong></span> 
     </span>
     <span class='ocr_line' id='line_1_31' title="bbox 869 3871 3054 3953; baseline 0 -21"><span class='ocrx_word' id='word_1_241' title='bbox 869 3872 1138 3952; x_wconf 83' lang='lat' dir='ltr'><strong>ignaviae</strong></span> <span class='ocrx_word' id='word_1_242' title='bbox 1194 3871 1438 3932; x_wconf 80' lang='lat' dir='ltr'><strong>crimine</strong></span> <span class='ocrx_word' id='word_1_243' title='bbox 1498 3873 1719 3932; x_wconf 86' lang='lat' dir='ltr'><strong>levaret</strong></span> <span class='ocrx_word' id='word_1_244' title='bbox 1779 3872 1944 3953; x_wconf 78' lang='lat' dir='ltr'><strong>(ibid.</strong></span> <span class='ocrx_word' id='word_1_245' title='bbox 1964 3895 2001 3931; x_wconf 75' lang='lat' dir='ltr'><strong>z.</strong></span> <span class='ocrx_word' id='word_1_246' title='bbox 2041 3884 2208 3933; x_wconf 80' lang='grc' dir='ltr'><strong><em>ταῦτα</em></strong></span> <span class='ocrx_word' id='word_1_247' title='bbox 2255 3878 2345 3953; x_wconf 87' lang='grc' dir='ltr'><strong>μὲν</strong></span> <span class='ocrx_word' id='word_1_248' title='bbox 2386 3874 2473 3935; x_wconf 73' lang='grc' dir='ltr'><strong>οὖν</strong></span> <span class='ocrx_word' id='word_1_249' title='bbox 2512 3880 2538 3935; x_wconf 81' lang='grc' dir='ltr'><strong>ὃ</strong></span> <span class='ocrx_word' id='word_1_250' title='bbox 2576 3888 2642 3935; x_wconf 93' lang='grc' dir='ltr'><strong>Π.</strong></span> <span class='ocrx_word' id='word_1_251' title='bbox 2695 3879 2826 3952; x_wconf 84' lang='grc' dir='ltr'><em>ὑπὲρ</em></span> <span class='ocrx_word' id='word_1_252' title='bbox 2862 3885 2955 3935; x_wconf 78' lang='grc' dir='ltr'><strong>τοῦ</strong></span> <span class='ocrx_word' id='word_1_253' title='bbox 2991 3886 3054 3934; x_wconf 86' lang='grc' dir='ltr'><strong>Π.</strong></span> 
     </span>
     <span class='ocr_line' id='line_1_32' title="bbox 872 3969 3059 4053; baseline -0.002 -19"><span class='ocrx_word' id='word_1_254' title='bbox 872 3969 1265 4053; x_wconf 70' lang='grc' dir='ltr'>ἀπολογεῖται);</span> <span class='ocrx_word' id='word_1_255' title='bbox 1310 3970 1412 4030; x_wconf 85' lang='lat' dir='ltr'><strong>cfr.</strong></span> <span class='ocrx_word' id='word_1_256' title='bbox 1456 3970 1599 4031; x_wconf 77' lang='lat' dir='ltr'><strong>ibid.</strong></span> <span class='ocrx_word' id='word_1_257' title='bbox 1644 3990 1697 4030; x_wconf 88' lang='lat' dir='ltr'><strong>c.</strong></span> <span class='ocrx_word' id='word_1_258' title='bbox 1746 3992 1819 4029; x_wconf 89' lang='lat'><strong>20</strong></span> <span class='ocrx_word' id='word_1_259' title='bbox 1861 3980 1921 4030; x_wconf 85' lang='lat' dir='ltr'><strong>et</strong></span> <span class='ocrx_word' id='word_1_260' title='bbox 1966 3989 2057 4030; x_wconf 85' lang='lat'><strong>21.</strong></span> <span class='ocrx_word' id='word_1_261' title='bbox 2131 3973 2288 4031; x_wconf 87' lang='lat' dir='ltr'><strong>Eum</strong></span> <span class='ocrx_word' id='word_1_262' title='bbox 2328 3990 2455 4031; x_wconf 83' lang='lat' dir='ltr'><strong>esse</strong></span> <span class='ocrx_word' id='word_1_263' title='bbox 2495 3973 2628 4032; x_wconf 92' lang='lat' dir='ltr'><strong>POS.</strong></span> <span class='ocrx_word' id='word_1_264' title='bbox 2676 3971 3059 4049; x_wconf 77' lang='lat' dir='ltr'><strong>Olbiopolita-</strong></span> 
     </span>
     <span class='ocr_line' id='line_1_33' title="bbox 872 4069 3056 4147; baseline -0 -20"><span class='ocrx_word' id='word_1_265' title='bbox 872 4089 1017 4129; x_wconf 89' lang='lat' dir='ltr'><strong>num</strong></span> <span class='ocrx_word' id='word_1_266' title='bbox 1034 4116 1049 4144; x_wconf 90' lang='lat'><strong>,</strong></span> <span class='ocrx_word' id='word_1_267' title='bbox 1104 4070 1179 4129; x_wconf 90' lang='lat' dir='ltr'><strong>de</strong></span> <span class='ocrx_word' id='word_1_268' title='bbox 1235 4089 1357 4147; x_wconf 91' lang='lat' dir='ltr'><strong>quo</strong></span> <span class='ocrx_word' id='word_1_269' title='bbox 1411 4069 1621 4129; x_wconf 88' lang='lat' dir='ltr'><strong>Suidas</strong></span> <span class='ocrx_word' id='word_1_270' title='bbox 1669 4069 1793 4147; x_wconf 87' lang='lat' dir='ltr'><strong>agit</strong></span> <span class='ocrx_word' id='word_1_271' title='bbox 1809 4115 1824 4144; x_wconf 92' lang='lat'><strong><em>,</em></strong></span> <span class='ocrx_word' id='word_1_272' title='bbox 1868 4079 2198 4129; x_wconf 84' lang='lat' dir='ltr'><strong>statuerunt</strong></span> <span class='ocrx_word' id='word_1_273' title='bbox 2241 4069 2458 4130; x_wconf 86' lang='lat' dir='ltr'><strong>Bakius</strong></span> <span class='ocrx_word' id='word_1_274' title='bbox 2499 4079 2560 4130; x_wconf 90' lang='lat' dir='ltr'><strong>et</strong></span> <span class='ocrx_word' id='word_1_275' title='bbox 2600 4072 2852 4131; x_wconf 85' lang='lat' dir='ltr'><strong>Mueller</strong></span> <span class='ocrx_word' id='word_1_276' title='bbox 2893 4072 2963 4130; x_wconf 86' lang='lat' dir='ltr'><strong>fr.</strong></span> <span class='ocrx_word' id='word_1_277' title='bbox 3003 4069 3056 4127; x_wconf 93' lang='lat' dir='ltr'><strong>h.</strong></span> 
     </span>
     <span class='ocr_line' id='line_1_34' title="bbox 875 4170 1399 4245; baseline 0.006 -22"><span class='ocrx_word' id='word_1_278' title='bbox 875 4188 956 4245; x_wconf 87' lang='lat' dir='ltr'><strong>gr.</strong></span> <span class='ocrx_word' id='word_1_279' title='bbox 1004 4170 1111 4226; x_wconf 94' lang='grc' dir='ltr'><strong>ΠΙ.</strong></span> <span class='ocrx_word' id='word_1_280' title='bbox 1155 4188 1213 4245; x_wconf 93' lang='lat' dir='ltr'><strong>p.</strong></span> <span class='ocrx_word' id='word_1_281' title='bbox 1268 4184 1399 4242; x_wconf 89' lang='lat'><strong>172.</strong></span> 
     </span>
    </p>

    <p class='ocr_par' dir='ltr' id='par_1_8' title="bbox 876 4263 3052 4438">
     <span class='ocr_line' id='line_1_35' title="bbox 960 4263 3052 4345; baseline 0.001 -22"><span class='ocrx_word' id='word_1_282' title='bbox 960 4263 1008 4344; x_wconf 78' lang='lat'><strong>3)</strong></span> <span class='ocrx_word' id='word_1_283' title='bbox 1050 4266 1144 4325; x_wconf 88' lang='lat' dir='ltr'><strong>De</strong></span> <span class='ocrx_word' id='word_1_284' title='bbox 1185 4265 1308 4325; x_wconf 89' lang='lat' dir='ltr'><strong>eius</strong></span> <span class='ocrx_word' id='word_1_285' title='bbox 1351 4265 1704 4326; x_wconf 87' lang='lat' dir='ltr'><strong>auctoritate</strong></span> <span class='ocrx_word' id='word_1_286' title='bbox 1744 4264 1860 4324; x_wconf 88' lang='lat' dir='ltr'><strong>vid.</strong></span> <span class='ocrx_word' id='word_1_287' title='bbox 1905 4265 2112 4326; x_wconf 88' lang='lat' dir='ltr'><strong>Nissen</strong></span> <span class='ocrx_word' id='word_1_288' title='bbox 2156 4265 2312 4326; x_wconf 90' lang='lat' dir='ltr'><strong>Krit.</strong></span> <span class='ocrx_word' id='word_1_289' title='bbox 2342 4268 2580 4327; x_wconf 83' lang='lat' dir='ltr'><strong>UnterS.</strong></span> <span class='ocrx_word' id='word_1_290' title='bbox 2612 4288 2673 4344; x_wconf 92' lang='lat' dir='ltr'><strong>p.</strong></span> <span class='ocrx_word' id='word_1_291' title='bbox 2708 4270 2904 4345; x_wconf 86' lang='lat'>298—</span> <span class='ocrx_word' id='word_1_292' title='bbox 2915 4284 3052 4344; x_wconf 81' lang='lat'>305,</span> 
     </span>
     <span class='ocr_line' id='line_1_36' title="bbox 876 4366 1225 4438; baseline 0.009 -19"><span class='ocrx_word' id='word_1_293' title='bbox 876 4370 934 4420; x_wconf 88' lang='lat' dir='ltr'><strong>et</strong></span> <span class='ocrx_word' id='word_1_294' title='bbox 980 4366 1088 4436; x_wconf 88' lang='lat'><strong>267</strong></span> <span class='ocrx_word' id='word_1_295' title='bbox 1139 4382 1225 4438; x_wconf 91' lang='lat' dir='ltr'><strong>sq.</strong></span> 
     </span>
    </p>
   </div>
   <div class='ocr_carea' id='block_1_6' title="bbox 3289 0 3298 2351">
    <p class='ocr_par' dir='ltr' id='par_1_9' title="bbox 3289 0 3298 2351">
     <span class='ocr_line' id='line_1_37' title="bbox 3289 0 3298 2351; baseline 0 0"><span class='ocrx_word' id='word_1_296' title='bbox 3289 0 3298 2351; x_wconf 95' lang='lat' dir='ltr'><strong> </strong></span> 
     </span>
    </p>
   </div>
  </div>
 </body>
</html>
