3375 5084
1743 332 1865 390 268
1927 393 1933 399 ,

716 521 890 584 ciem
964 542 1129 602 prae
1197 542 1270 584 se
1335 520 1483 584 fert.
1575 521 1647 583 A
1715 541 2008 603 quonam
2076 532 2311 603 petere
2372 524 2753 587 debebant?
2822 523 2894 586 A

712 637 1092 700 Romanis?
1160 637 1276 699 An
1340 658 1382 700 a
1443 637 1827 726 civitatibus
1889 637 2346 719 Peloponnesi
2390 658 2672 720 quarum
2716 639 2896 702 vires

715 753 971 817 fractae
1040 763 1231 817 erant
1248 802 1262 828 ,
1325 754 1570 836 quibus
1630 774 1786 817 cum
1844 754 2160 818 voluntas
2221 763 2364 818 tum
2409 763 2714 836 potestas
2760 756 2896 818 lae-

716 871 921 932 dendi
968 871 1278 933 ademtae
1326 880 1532 934 erant.
1603 870 1782 933 Illud
1824 871 1928 933 ius
1961 866 2233 945 οὲσυλίας
2258 880 2402 934 tum
2425 869 2661 935 fuisset
2683 892 2897 934 vanus

717 994 787 1048 et
848 986 1064 1048 inanis
1126 986 1360 1049 titulus
1376 1035 1391 1061 ,
1454 996 1655 1069 aptus
1700 986 1985 1049 fortasse
2031 987 2165 1050 illis
2217 985 2570 1052 Graeculis
2616 987 2729 1069 qui
2775 988 2897 1050 tali

715 1101 945 1182 specie
1006 1101 1404 1183 gaudebant
1419 1149 1434 1176 ,
1498 1103 1620 1164 sed
1678 1101 1859 1164 serio
1903 1101 2128 1165 studio
2177 1099 2541 1184 Scriptoris
2558 1150 2572 1176 ,
2620 1101 2899 1184 eiusque

711 1216 984 1298 Polybii
1004 1265 1020 1290 ‚
1068 1217 1404 1299 indignus,
1470 1225 1473 1230 '

803 1333 890 1396 ΙΙ.
940 1354 976 1411 3
985 1353 1019 1411 5
1072 1338 1102 1410 5
1153 1353 1387 1413 7—10.
1455 1332 1959 1397 Incursionibus
2005 1343 2076 1397 et
2117 1334 2319 1396 bellis
2358 1331 2710 1397 Gallorum
2739 1343 2900 1397 ante

720 1471 750 1511 2
764 1471 794 1511 2
808 1471 840 1511 2
903 1449 1186 1512 narratis
1242 1451 1578 1531 quaedam
1625 1449 1815 1512 addit
1861 1449 2191 1532 Polybius
2237 1450 2326 1514 ad
2373 1448 2674 1513 Graecos
2719 1469 2898 1513 com-

714 1567 1105 1628 monendos,
1196 1563 1298 1628 Ea
1372 1573 1601 1627 autem
1662 1584 1938 1646 prorsus
1996 1585 2177 1628 vana
2232 1563 2439 1627 fuisse
2485 1564 2798 1627 videntur
2841 1565 2899 1627 si

715 1682 968 1763 scripta
1030 1691 1258 1744 essent
1319 1692 1681 1762 postquam
1735 1680 2143 1744 Macedonia
2187 1680 2537 1762 provincia
2580 1680 2900 1743 Romana

712 1797 896 1861 facta
941 1806 1136 1862 esset.
1228 1797 1416 1861 Ante
1471 1819 1493 1859 1
1510 1801 1591 1874 46
1641 1798 1823 1860 enim
1839 1845 1853 1872 ,
1901 1817 2056 1860 cum
2101 1796 2517 1860 Macedones
2564 1806 2636 1859 et
2663 1795 2902 1859 Aetoli

713 1913 910 1977 fracti
957 1923 1184 1976 essent
1201 1962 1216 1988 ‚
1262 1913 1855 1995 propugnaculum
1899 1914 2244 1995 quoddam
2291 1910 2623 1977 Graeciae
2664 1921 2899 1976 contra

712 2031 1040 2092 barbaros
1111 2029 1453 2093 ceciderat
1520 2028 1655 2110 (cfr.
1713 2028 1840 2092 IX.
1900 2049 1956 2093 c.
2021 2050 2101 2108 35
2168 2034 2198 2106 5
2248 2051 2284 2110 3
2335 2027 2777 2112 πρόφραγμα),
2824 2038 2896 2092 et

713 2146 878 2209 utile
950 2154 1096 2208 erat
1165 2143 1466 2210 Graecos
1529 2164 1806 2208 monere
1864 2154 1942 2208 ut
2002 2146 2059 2208 si
2103 2144 2278 2208 forte
2325 2164 2500 2226 opus
2546 2153 2728 2207 esset
2771 2164 2897 2226 pro

713 2261 935 2346 patria
1005 2272 1075 2326 et
1143 2262 1347 2325 domo
1409 2263 1498 2324 ad
1561 2271 1942 2325 extremum
2001 2270 2385 2344 pugnarent
2442 2261 2546 2344 (II.
2596 2229 2680 2340 35
2727 2267 2757 2338 5
2806 2260 2899 2342 8),
2965 2282 2970 2286 ·

715 2389 1023 2442 veterum
1082 2377 1492 2442 fortitudinis
1550 2378 2025 2460 exemplorum
2069 2397 2403 2441 memores
2448 2378 2500 2461 (ἓ
2524 2419 2529 2423 -
2553 2397 2586 2457 7
2640 2386 2709 2441 et
2764 2376 2893 2458 1o);

717 2496 841 2559 sed
906 2504 1065 2577 post
1134 2517 1156 2557 1
1172 2517 1256 2573 44
1317 2495 1788 2558 Romanorum
1854 2492 2151 2557 officium
2206 2503 2277 2562 et
2321 2513 2485 2557 cura
2530 2502 2702 2569 erat,
2747 2512 2901 2576 pro-

714 2611 1007 2674 vinciam
1052 2631 1244 2674 suam
1261 2659 1276 2686 ,
1324 2620 1395 2673 et
1438 2609 1780 2673 Achaiam
1797 2658 1811 2685 ,
1857 2630 1900 2673 a
1943 2610 2252 2674 barbaris
2298 2609 2708 2674 defendere.-

802 2727 950 2790 Has
1013 2728 1102 2791 ob
1166 2747 1407 2791 causas
1453 2726 1789 2790 concludo
1834 2726 1988 2789 libr.
2032 2726 2066 2788 I
2112 2735 2182 2789 et
2225 2725 2293 2789 H
2338 2726 2477 2810 (τὴν
2527 2749 2898 2809 προκατασ-

715 2842 932 2926 κευήν)
996 2851 1153 2906 ante
1231 2864 1341 2921 151
1414 2843 1723 2916 Romae,
1786 2842 1999 2906 libros
2043 2818 2158 2905 111‘
2192 2851 2263 2905 et
2307 2842 2410 2905 IV
2456 2842 2594 2926 (ΠΙ.
2645 2848 2726 2921 58
2773 2848 2830 2920 ἓ,
2862 2863 2895 2923 7

714 2961 893 3023 enim
952 2968 1110 3041 post
1165 2981 1187 3020 1
1204 2979 1238 3037 5
1255 2981 1277 3020 1
1335 2958 1587 3040 scripta
1634 2958 1758 3040 est)
1808 2969 1877 3022 et
1922 2958 2208 3022 fortasse
2252 2958 2483 3046 plures
2500 3007 2515 3035 ‚
2564 2969 2720 3023 ante
2777 2981 2799 3021 1
2814 2964 2897 3038 48

713 3076 783 3138 in
851 3076 1088 3139 itinere
1157 3075 1274 3138 vel
1335 3074 1628 3139 Graecia
1687 3075 2109 3157 conscriptos
2172 3095 2322 3140 esse
2342 3124 2358 3151 ,
2403 3075 2700 3157 reliquos
2743 3084 2900 3159 post

725 3215 879 3272 144,
926 3200 1083 3255 ante
1138 3213 1293 3271 134,
1339 3192 1409 3254 in
1456 3190 1763 3256 Graecia.

622 3287 625 3290 ¹
802 3309 1114 3372 Iamvero
1160 3318 1446 3390 apparet
1463 3356 1478 3384 ‚
1527 3328 1695 3371 cum-
1727 3307 1974 3371 librum
2019 3307 2295 3371 tertium
2340 3308 2669 3371 scriberet
2684 3356 2699 3384 ‚
2745 3328 2902 3399 eum

714 3427 851 3490 iarn
911 3433 1138 3488 aetate
1201 3424 1703 3508 provectiorem
1758 3423 1984 3489 fuisse.
2077 3423 2148 3489 C.
2206 3446 2239 3503 5
2292 3430 2322 3502 ἓ
2376 3444 2409 3505 7
2459 3424 2640 3488 enim
2686 3425 2782 3488 ait
2825 3444 2900 3488 se

713 3543 977 3605 nescire
1048 3561 1272 3604 annon
1338 3542 1607 3605 fortuna
1668 3543 1734 3606 ei
1795 3542 2062 3623 copiam
2122 3543 2364 3604 datura
2409 3541 2497 3604 sit
2540 3542 2767 3622 operis
2812 3542 2900 3604 ad

714 3657 921 3721 finem
982 3657 1399 3741 perducendi
1415 3706 1430 3734 ‚
1489 3678 1700 3741 seque
1761 3677 2038 3740 sperare
2098 3656 2242 3720 fore
2289 3667 2364 3721 ut
2410 3658 2466 3721 si
2512 3677 2696 3721 mors
2742 3677 2899 3720 eum

715 3774 1036 3856 corripiat
1049 3823 1064 3850 ,
1128 3774 1300 3837 alius
1360 3794 1531 3857 opus
1585 3795 1782 3837 suum
1829 3774 2322 3840 absolvendum
2366 3773 2707 3856 suscipiat.
2797 3772 2900 3835 Ea

713 3871 1002 3954 fortasse
1092 3890 1583 3973 sexagenarius
1674 3890 1982 3972 scripsit;
2072 3910 2225 3953 eam
2300 3899 2529 3954 autem
2604 3899 2899 3954 aetatem

717 4008 898 4072 circa
952 4030 974 4069 1
990 4028 1024 4086 5
1041 4030 1063 4069 1
1120 4007 1256 4070 iam
1303 4016 1709 4071 consecutus
1757 4015 1875 4070 est.

804 4124 1119 4206 Denique
1181 4124 1358 4186 libro
1416 4122 1519 4186 111
1582 4142 1719 4205 quo
1780 4132 2257 4205 argumentum
2316 4122 2645 4185 librorum
2691 4141 2897 4203 expo-

716 4251 973 4316 suerat,
1030 4241 1288 4322 aliquid
1333 4241 1584 4303 addere
1629 4259 1912 4302 necesse
1959 4248 2122 4302 erat.
2211 4240 2451 4321 Itaque
2497 4239 2629 4302 tria
2674 4238 2898 4320 capita

717 4365 958 4436 postea
1004 4376 1160 4418 eum
1205 4356 1543 4420 addidisse
1590 4366 1775 4420 certe
1821 4355 2266 4419 demonstrari
2310 4364 2566 4437 potest,
2612 4354 2751 4419 scil,
2778 4354 2895 4417 III.
