3375 5084
1844 346 1967 404 206

817 536 1093 619 gentiae
1153 535 1441 618 Polybii.
1530 534 1872 616 Exemplo
1936 555 1976 597 e
2036 533 2264 597 multis
2323 534 2410 596 sit
2470 532 2995 596 commentarius

818 650 1263 733 Asthymedis
1281 699 1295 726 ‚
1357 670 1492 732 quo
1549 650 1608 712 is
1651 649 2070 732 legationem
2117 669 2308 711 suam
2350 649 2509 710 anni
2562 670 2584 710 1
2600 653 2680 728 67
2734 656 2803 710 et
2848 667 2996 709 ora-

816 766 1035 829 tiones
1094 766 1366 829 Romae
1426 765 1694 827 habitas
1755 764 2121 827 memoriae
2177 764 2498 826 mandare
2545 774 2616 826 et
2661 782 2993 826 excusare

816 881 1075 945 studuit
1119 882 1215 964 (P.
1262 880 1511 943 XXX.
1559 901 1615 943 c.
1665 903 1706 958 4
1753 886 1785 957 5
1842 902 1863 942 1
1886 881 1957 961 1).
2023 880 2352 962 Polybius
2394 899 2553 943 eum
2579 878 2829 943 refutat
2855 878 2997 941 suis

814 998 1233 1080 argumentis
1294 1007 1366 1061 et
1425 997 1676 1061 iudicio
1739 996 2154 1061 Graecorum
2212 997 2329 1078 qui
2371 1006 2516 1060 tum
2557 996 2830 1059 Romae
2875 996 2994 1057 de—

814 1116 1075 1195 gebant
1119 1115 1170 1197 (g
1227 1135 1335 1188 10,
1381 1118 1413 1190 5
1467 1135 1541 1191 13
1591 1114 1773 1196 sqq.).

903 1229 1210 1312 Ingentis
1277 1230 1623 1292 doctrinae
1685 1230 1859 1293 haec
1919 1229 2144 1292 omnia
2161 1277 2175 1304 ,
2237 1229 2452 1292 multo
2509 1228 2729 1311 magis
2786 1228 2991 1291 etiam

813 1344 1139 1426 reliquiae
1185 1344 1509 1407 librorum
1553 1345 1825 1427 Polybii
1869 1344 2136 1427 insigne
2159 1345 2616 1408 testimonium
2638 1344 2985 1426 praebent.

813 1460 895 1522 Id
961 1460 1263 1542 inprimis
1322 1460 1466 1523 eius
1525 1461 1750 1543 operis
1808 1460 2100 1543 pretium
2162 1470 2373 1546 auget
2436 1461 2620 1542 quod
2664 1468 2987 1542 quantum

814 1574 960 1639 fieri
1006 1577 1228 1659 potuit
1271 1586 1348 1639 ut
1391 1577 1691 1659 utrisque
1733 1578 2042 1659 partibus
2087 1597 2304 1659 aeque
2351 1596 2585 1640 aurem
2629 1576 2994 1658 praeberet

815 1712 1086 1775 semper
1130 1713 1409 1775 operam
1453 1694 1749 1757 navavit.

903 1808 1032 1871 His
1100 1810 1278 1872 addo
1344 1810 1618 1873 nomina
1682 1811 2085 1892 scriptorum
2103 1859 2117 1885 ,
2181 1830 2353 1893 quos
2414 1810 2501 1872 de
2564 1809 2713 1871 aliis
2758 1809 2961 1870 rebus
2977 1856 2995 1882 ,

815 1924 1116 2007 inprimis
1161 1926 1246 1988 de
1292 1945 1366 1988 re
1411 1926 1880 2009 geographica
1925 1926 2261 1989 consuluit
2305 1925 2664 2007 Polybius:
2710 1924 3000 1986 Eratho-

816 2042 1091 2104 sthenes
1108 2089 1123 2116 ,
1183 2040 1565 2105 Antiochus
1581 2090 1595 2107 .
1656 2040 2085 2124 Antiphanes
2141 2041 2493 2124 Bergaeus
2511 2090 2526 2116 ‚
2572 2040 2997 2103 Euhemerus

816 2156 1197 2220 Messenius
1211 2206 1226 2232 ,
1271 2156 1574 2239 Pytheas
1592 2204 1607 2230 ,
1638 2157 2140 2221 Demosthenes
2156 2206 2170 2232 ,
2203 2156 2699 2231 Dicaearchus3
2724 2164 3005 2238 praeter

819 2291 938 2333 eos
981 2271 1309 2335 Eudoxus
1323 2320 1338 2347 ‚
1385 2269 1616 2336 Strato
1662 2272 1985 2354 physicus
1999 2320 2014 2346 ‚
2060 2270 2338 2334 Aeneas
2382 2271 2720 2334 TacticuS.

1349 2498 1479 2571 IV.
1568 2499 1767 2572 Aeta
1809 2497 2109 2590 publiea
2154 2498 2459 2570 Graeca.

908 2731 1225 2799 Secundo
1270 2736 1403 2799 hoc
1447 2756 1702 2818 genere
1748 2734 2031 2800 fontium
2045 2784 2059 2811 ‚
2107 2756 2245 2818 quo
2276 2755 2440 2798 sane
2471 2732 2642 2797 fides
2673 2734 3001 2797 historiae

819 2851 1115 2913 omnium
1190 2851 1485 2914 maxime
1559 2851 1793 2914 nititur
1816 2899 1830 2926 ‚
1905 2871 2159 2933 magna
2233 2851 2602 2933 diligentia.
2661 2871 2824 2914 usus
2897 2860 3008 2913 est

818 2967 1165 3050 Polybius.
1285 2965 1394 3031 Ac
1468 2967 1757 3049 primum
1834 2968 2105 3048 quidem
2181 2966 2595 3031 tabularium
2671 2965 3006 3031 soczbtatzls·

819 3081 1153 3145 Achaicae
1198 3083 1263 3146 ei
1305 3083 1526 3164 patuit
1572 3092 1641 3146 et
1683 3092 2044 3165 pernotum
2073 3082 2224 3159 fuit,
2259 3086 2443 3166 quod
2467 3103 2671 3165 quam
2696 3083 3003 3164 amplum

818 3196 1019 3260 fuerit
1086 3198 1559 3280 cognoscimus
1627 3219 1666 3261 e
1734 3182 2115 3262 narratione
2182 3200 2395 3286 ipsius
2462 3198 2741 3263 XXIII.
2812 3219 2865 3262 e.
2938 3221 3001 3278 9.

820 3310 1048 3395 Quum
1116 3314 1296 3376 enim
1356 3333 1414 3377 a.
1486 3336 1508 3376 1
1523 3319 1601 3392 85
1668 3313 1999 3396 Lycortas
2057 3316 2127 3378 in
2188 3316 2503 3379 contione
2561 3316 3003 3379 Achaeorum

819 3428 1269 3492 renuntiasset
1318 3428 1737 3511 legationem
1782 3439 1851 3493 et
1894 3430 2135 3493 foedus
2180 3450 2336 3494 cum
2379 3431 2783 3495 Ptolemaeo
2829 3452 3003 3513 rege

818 3553 1218 3607 renovatum
1243 3591 1258 3618 ,
1348 3543 1713 3608 Aristaeno
1787 3556 2102 3627 praetore
2178 3547 2449 3630 legatos
2532 3548 3002 3630 interrogante

820 3659 1140 3740 quidnam
1207 3660 1483 3722 tandem
1549 3660 1788 3723 foedus
1857 3683 1897 3725 e
1966 3682 2218 3744 magno
2279 3672 2589 3726 veterum
2648 3662 3003 3727 foederum

818 3793 1098 3836 numero
1163 3774 1672 3838 renovavissent
1686 3825 1701 3851 ,
1749 3796 1983 3840 omnes
2028 3778 2368 3860 trepidare
2416 3788 2486 3842 et
2532 3779 2733 3842 simul
2779 3779 2966 3860 loqui
2983 3827 2998 3854 ,

818 3908 1020 3950 nemo
1067 3889 1235 3952 certi
1278 3889 1440 3971 quid
1483 3893 1895 3972 respondere
1910 3941 1924 3968 ,
1969 3913 2191 3974 neque
2236 3892 2850 3976 Philopoemenem
2885 3895 3003 3975 qui

821 4011 1098 4084 praetor
1141 4004 1412 4087 legatos
1456 4005 1732 4069 miserat
1747 4055 1762 4081 ‚
1806 4027 2026 4089 neque
2071 4009 2343 4092 legatos
2370 4010 2558 4092 ipsos
2588 4011 3002 4094 cognovisse

824 4116 1204 4198 apparebat
1257 4120 1471 4183 multa
1513 4119 1792 4184 foedera
1836 4142 1991 4185 cum
2034 4143 2202 4205 rege
2247 4123 2563 4207 Aegypti
2607 4126 2774 4189 olim
2818 4125 3003 4189 facta

825 4241 1062 4296 extare
1078 4281 1093 4308 ,
1154 4253 1328 4315 quae
1388 4237 1533 4298 tum
1589 4256 1629 4298 e
1674 4236 2020 4300 'tabulario
2066 4241 2553 4319 promebantur
2565 4261 2581 4315 ;
2628 4240 2999 4305 Aristaeno

825 4343 1005 4408 fama
1048 4349 1381 4428 quaedam
1424 4350 1582 4414 inde
1627 4352 1925 4415 accrevit
1942 4401 1956 4428 ‚
2004 4354 2186 4434 quod
2229 4355 2287 4417 is
2331 4375 2505 4418 unus
2550 4357 2717 4437 quid
2756 4365 3000 4442 ageret
