3375 5084
1814 341 1889 397 18

840 530 1033 614 Quae
1096 532 1182 594 de
1254 530 1317 593 T
1309 550 1520 593 zmaeo
1575 529 1752 592 libro
1808 527 1954 590 XII
2000 528 2269 609 scripsit
2313 527 2645 610 Polybius
2692 546 2944 609 magna

749 669 839 710 ex
905 656 1100 729 parte
1166 646 1364 709 nobis
1426 655 1699 708 servata
1763 654 1919 708 sunt
1958 642 2016 725 ι).
2109 644 2393 707 Praeter
2454 644 2630 706 hanc
2676 652 2941 724 partem

745 763 1012 846 quoties
1090 782 1200 825 res
1275 783 1318 824 a
1393 762 1677 824 Timaeo
1754 761 2038 823 traditas
2115 760 2394 842 attingit
2418 809 2432 834 ‚
2511 758 2939 822 occasionem

746 880 981 961 arripit
1024 876 1362 941 refutandi
1380 925 1394 953 ‚
1444 876 1863 958 explodendi
1907 876 2106 939 huius
2150 875 2513 957 scriptoris.
2595 873 2842 938 Omnia
2875 874 2941 935 in

748 1015 902 1059 eum
950 995 1294 1059 cumulata
1341 992 1649 1057 convicia
1695 993 1758 1055 h.
1806 993 1849 1055 l.
1896 1011 2254 1056 recensere
2299 992 2467 1054 nihil
2516 991 2758 1054 attinet
2787 990 2944 1072 quia

745 1113 834 1175 ab
902 1111 1053 1173 aliis
1123 1110 1190 1172 in
1259 1090 1660 1192 fragmentis
1736 1109 2002 1171 Timaei
2073 1108 2368 1171 collecta
2434 1115 2606 1170 sunt.
2697 1106 2944 1168 Tribus

744 1225 1145 1308 praesertim
1205 1224 1387 1289 vitiis
1452 1244 1608 1287 eum
1670 1225 2044 1293 obnoxium
2092 1245 2244 1287 esse
2293 1223 2457 1287 dicit
2500 1223 2610 1286 P.:
2657 1223 2945 1304 primum

746 1345 931 1426 quod
975 1342 1164 1405 falsis
1212 1342 1604 1405 criminibus
1651 1352 1723 1405 et
1770 1342 2093 1405 conviciis
2125 1344 2415 1405 obruere
2447 1342 2669 1404 soleat
2693 1341 2941 1403 multos

744 1460 1054 1523 homines
1102 1461 1188 1522 de
1235 1459 1478 1542 quibus
1524 1460 1702 1542 agit,
1749 1459 2000 1522 multos
2049 1459 2255 1550 etiam
2294 1458 2660 1541 scriptores
2694 1456 2766 1538 ²),
2809 1477 2941 1539 quo

746 1575 1000 1639 factum
1047 1575 1134 1638 sit
1178 1584 1255 1639 ut
1299 1575 1430 1657 ipsi
1475 1574 1659 1638 fama
1707 1583 2048 1638 cresceret
2088 1573 2148 1657 ³).
2218 1574 2460 1656 Itaque
2508 1583 2744 1637 contra
2788 1592 2943 1635 eum

748 1691 1052 1755 defendit
1115 1691 1602 1756 Callisthenem
1621 1740 1635 1766 ,
1699 1690 2167 1774 Agathoclem
2224 1689 2529 1754 Siculum
2567 1689 2612 1771 ⁴)
2629 1739 2643 1764 ,
2691 1689 2943 1752 Demo-

748 1808 1017 1872 charen.
1150 1808 1353 1870 Hunc
1430 1807 1709 1870 summis
1785 1806 2062 1890 flagitiis
2139 1817 2211 1870 et
2285 1815 2518 1888 stupro
2597 1805 2942 1869 addictum

745 1923 953 1987 fuisse
1023 1924 1386 2005 scripserat
1446 1923 1768 1986 Timaeus
1831 1933 2110 1986 auctore
2174 1922 2566 1986 Archedico
2613 1922 2909 2004 quodam
2929 1969 2943 1995 ,

745 2039 1209 2122 tragediarum
1268 2039 1598 2120 scriptore
1618 2088 1632 2114 ,
1688 2059 1894 2121 quem
1939 2040 2211 2102 unicum
2257 2048 2606 2102 auctorem
2652 2038 2744 2121 (et
2790 2056 2941 2099 eum

746 2176 909 2219 sane
978 2155 1034 2218 si
1101 2157 1235 2219 hoc
1297 2175 1536 2218 verum
1599 2165 1783 2218 esset
1843 2153 1978 2218 fide
2024 2175 2266 2236 parum
2310 2153 2614 2237 dignum)
2659 2154 2941 2216 Timaeo

743 2272 877 2335 hac
932 2272 1002 2333 in
1046 2291 1120 2335 re
1166 2270 1372 2334 fuisse
1420 2270 1653 2334 scribit
1698 2271 2047 2353 Polybius.
2142 2269 2284 2334 Sed
2331 2271 2582 2334 erravit
2626 2270 2702 2333 P.
2723 2319 2737 2345 ,
2783 2290 2941 2332 nam

749 2386 995 2451 Suidas
1042 2409 1081 2451 e
1128 2388 1413 2451 Timaeo
1461 2388 1666 2451 etiam
1714 2388 1922 2450 alium
1968 2397 2319 2451 auctorem
2364 2386 2562 2451 affert
2598 2386 2943 2449 Democli-

749 2505 884 2567 den
967 2514 1308 2567 oratorem
1376 2504 1688 2567 Atticum
1741 2503 1803 2585 ⁵).
1925 2503 2213 2567 Praeter
2285 2504 2417 2567 hoc
2494 2502 2945 2569 maledicendi

748 2621 1004 2684 crimen
1048 2620 1125 2683 P.
1175 2640 1330 2683 eum
1375 2620 1579 2701 plane
1626 2620 2014 2702 imperitum
2062 2630 2134 2683 et
2178 2620 2494 2703 ignarum
2539 2618 2747 2682 fuisse
2785 2618 2947 2681 dicit

747 2737 1113 2808 multarum
1172 2756 1398 2799 rerum
1445 2737 1531 2800 de
1579 2736 1823 2818 quibus
1869 2736 2231 2811 scriberet;
2279 2726 2464 2818 quod
2511 2735 2715 2799 etiam
2761 2735 2944 2798 vitae

744 2852 1007 2916 ratione
1069 2872 1274 2933 quam
1337 2852 1554 2914 tenuit
1615 2851 2139 2914 adscribendum
2203 2872 2354 2914 esse
2417 2860 2669 2914 censet.
2776 2849 2945 2914 Cum

747 2969 926 3032 enim
990 2988 1117 3050 per
1175 2988 1258 3046 50
1305 2987 1518 3031 annos
1564 2968 1860 3031 Athenis
1906 2968 2196 3050 degeret
2213 3017 2227 3043 ,
2273 2968 2369 3030 ibi
2414 2968 2713 3030 molliter
2760 2987 2945 3030 recu-

745 3085 917 3147 bans
999 3083 1456 3147 bibliothecas
1530 3092 1993 3164 perscrutatus
2069 3092 2175 3146 est
2197 3132 2212 3158 ,
2289 3083 2513 3146 varias
2590 3091 2947 3146 auctorum

832 3376 877 3459 1)
918 3377 1199 3437 Timaeus
1252 3378 1361 3437 fuit
1421 3396 1659 3458 352—2
1669 3381 1743 3454 56
1804 3397 1858 3437 a.
1917 3379 2016 3453 C.;
2076 3377 2311 3456 scripsit
2367 3385 2634 3453 Σικελικά,
2682 3397 2775 3438 res
2815 3386 2952 3436 ante

745 3477 841 3536 Ol.
907 3497 1019 3553 129
1077 3486 1273 3555 gestas
1328 3476 1417 3558 (P.
1478 3479 1523 3535 I.
1579 3495 1609 3555 5
1656 3485 1684 3549 ξ
1734 3498 1798 3551 1;
1843 3479 1950 3536 ΠΙ.
1997 3498 2068 3554 31
2116 3485 2144 3549 §
2191 3475 2276 3558 2),
2322 3477 2720 3559 Ὀλυμπιονίκας
2761 3486 2820 3536 et
2862 3495 2956 3535 res

743 3574 955 3654 Pyrrhi
1018 3573 1100 3655 (P.
1170 3575 1304 3635 XII.
1345 3586 1407 3649 '4
1464 3583 1492 3648 ξ
1549 3576 1642 3656 6);
1702 3577 1804 3635 cfr.
1849 3578 2100 3636 Mueller
2144 3574 2262 3655 (Fr.
2308 3577 2390 3634 H.
2437 3574 2570 3656 Gr.)
2611 3577 2688 3635 de
2731 3574 2853 3635 vita
2894 3583 2954 3635 et

745 3673 980 3752 scriptis
1023 3673 1276 3735 Timaei.

828 3771 881 3853 ²)
921 3775 1008 3834 Ut
1047 3773 1358 3851 Ephorum
1401 3772 1487 3854 (P.
1520 3775 1654 3832 XII.
1692 3775 1766 3832 28
1823 3775 1951 3856 11),
1982 3776 2321 3834 Homerum
2349 3772 2512 3854 (XII.
2548 3794 2641 3849 24.
2679 3774 2753 3855 1),
2790 3772 2951 3832 Aris-

744 3874 989 3934 totelem
1031 3872 1189 3953 (XII.
1238 3893 1332 3947 24.
1379 3894 1411 3932 2
1457 3882 1517 3932 et
1557 3874 1695 3931 XII.
1746 3871 1871 3954 11),
1915 3873 2397 3949 Theophrastum
2439 3871 2597 3953 (XII.
2652 3872 2788 3953 11),
2820 3873 2952 3932 Cal-

747 3970 1058 4031 listhenem
1077 4018 1093 4047 ‚
1138 3971 1633 4049 Theopompum..

834 4069 883 4153 3)
922 4072 1059 4130 ΧΠ.
1112 4092 1144 4130 2
1153 4085 1236 4149 50.
1311 4056 1319 4066 ’

749 4154 753 4159 ’
830 4168 882 4251 ⁴)
924 4172 1061 4229 XII.
1129 4186 1232 4246 155
1290 4171 1455 4229 VIII.
1530 4188 1621 4228 12.
1687 4188 1794 4243 123
1853 4168 1930 4228 de
1982 4168 2195 4228 eodem
2250 4166 2533 4245 Polybius
2579 4170 2693 4228 IX.
2741 4187 2837 4244 23.
2886 4189 2956 4244 2,

746 4270 883 4327 XV.
929 4285 1002 4346 35
1047 4276 1076 4340 ξ
1124 4290 1150 4328 1
1199 4278 1258 4328 et
1302 4270 1359 4327 6.

831 4365 882 4446 5)
921 4366 1076 4426 Tim.
1121 4368 1189 4425 fr.
1244 4386 1356 4440 140
1399 4363 1713 4446 (Mueller).
