3375 5084
1450 328 1575 387 249

428 503 866 566 Cleomenem
925 521 1163 583 regem
1209 500 1497 585 tyranni
1533 501 1805 563 nomine
1847 500 2220 563 notavisset
2267 499 2320 580 ¹).
2409 500 2611 563 Multi

430 628 657 681 autem
724 618 880 680 ideo
948 617 1171 680 studia
1241 615 1624 680 Cleomenis
1693 616 2078 698 improbant
2095 664 2110 690 ‚
2171 618 2357 697 quod
2415 616 2612 678 unius

422 734 712 796 hominis
781 732 1148 797 dominatio
1216 732 1298 795 iis
1363 752 1582 814 aeque
1650 732 1859 815 longe
1928 752 1970 793 a
2037 731 2256 795 salute
2324 731 2613 794 civitatis

422 852 666 914 abesse
733 851 1005 912 videtur
1074 870 1278 931 quam
1346 870 1470 912 eae
1539 851 1652 912 vel
1723 851 2055 911 bonorum
2114 849 2230 911 vel
2291 868 2613 930 agrorum

422 966 924 1030 distributiones
939 1014 956 1042 ,
1003 986 1172 1048 quas
1218 967 1306 1029 ab
1350 966 1432 1028 iis
1477 975 1737 1029 tantum
1782 964 2056 1047 probari
2098 984 2301 1046 posse
2335 973 2616 1027 censent

425 1083 540 1165 qui
597 1102 776 1145 nunc
794 1131 809 1157 ‚
869 1083 1064 1144 novis
1108 1083 1313 1145 rebus
1357 1090 1638 1164 propter
1682 1065 2036 1144 avaritiam
2082 1080 2429 1143 studentes
2448 1128 2462 1154 ,
2510 1079 2615 1142 ius

422 1200 755 1261 bonorum
815 1198 1257 1279 possessionis
1319 1197 1579 1260 aboleri
1597 1246 1611 1272 ,
1675 1197 1902 1259 omnia
1959 1197 2143 1258 bona
2186 1195 2437 1259 viritim
2483 1195 2612 1258 dis-

422 1314 625 1378 tribui
691 1314 806 1376 vel
867 1314 935 1375 in
998 1334 1425 1377 communem
1470 1333 1665 1377 usum
1713 1313 2101 1376 coacervari
2144 1312 2376 1374 velint.
2471 1308 2614 1375 Sed

421 1429 853 1494 manifestum
897 1439 1001 1493 est
1045 1430 1171 1492 hos
1216 1450 1324 1492 res
1368 1439 1677 1493 recentes
1725 1439 1795 1493 et
1840 1428 2051 1492 nostri
2084 1428 2238 1490 aevi
2268 1447 2404 1489 non
2426 1435 2613 1490 recte

425 1547 844 1628 distinguere
889 1566 931 1607 a
974 1547 1176 1608 rebus
1223 1544 1530 1627 antiquis,
1567 1523 1680 1636 'In
1727 1544 2116 1608 civitatibus
2162 1543 2431 1626 graecis
2463 1563 2616 1606 cum

426 1663 639 1725 vitam
709 1669 779 1724 et
847 1659 1058 1724 otium
1081 1709 1096 1736 ,
1165 1670 1309 1723 tum
1375 1661 1558 1723 bona
1624 1680 1748 1722 sua
1772 1707 1786 1734 ‚
1855 1659 2273 1741 reipublicae
2342 1658 2615 1722 utilitati

424 1778 736 1860 poscenti
797 1779 1142 1859 denegare
1203 1797 1339 1839 non
1383 1785 1701 1858 poterant
1747 1776 1934 1839 cives
1972 1775 2034 1857 2).
2124 1775 2271 1839 Aes
2317 1776 2614 1838 alienum

426 1915 471 1955 a
541 1891 795 1957 Solone
866 1892 1283 1955 deminutum
1353 1901 1457 1954 est
1475 1940 1490 1966 ,
1559 1911 1765 1974 agros
1834 1891 2196 1973 Lycurgus
2263 1891 2618 1955 distribuit.

424 2010 711 2073 Etiamsi
778 2008 1160 2072 Cleomenis
1227 2009 1423 2090 leges
1482 2028 1618 2071 non
1680 2028 1764 2070 ea
1821 2008 2082 2082 ratione
2128 2017 2415 2089 rogatae
2462 2017 2618 2070 sunt

380 2131 383 2136 '
428 2146 604 2208 quae
653 2124 961 2206 legitima
1006 2134 1152 2187 erat
1198 2122 1551 2205 Spartanis
1569 2172 1584 2199 ‚
1632 2125 1817 2205 quod
1863 2123 2043 2206 Agis
2080 2122 2307 2186 facere
2338 2133 2622 2186 conatus

361 2241 365 2245 ’
430 2252 535 2305 est
551 2290 566 2317 ‚
614 2251 844 2303 tamen
887 2240 1048 2322 quin
1094 2241 1254 2321 lege
1301 2240 1386 2301 de
1433 2239 1631 2301 bonis
1677 2238 1928 2302 civium
1973 2237 2133 2302 ferri
2161 2239 2458 2320 potuerit
2486 2259 2622 2301 non

429 2366 533 2421 est
600 2356 1044 2421 dubitandum
1089 2355 1150 2437 ³).
1223 2392 1306 2399 —-
1376 2354 1645 2417 Deinde
1711 2374 1865 2417 cum
1924 2364 2234 2417 veterum
2296 2355 2623 2417 memoria

427 2476 726 2537 nondum
769 2474 1048 2535 inventa
1093 2481 1274 2535 esset
1319 2492 1402 2534 ea
1447 2471 1619 2534 ratio
1666 2491 1801 2554 qua
1830 2470 2125 2553 populus
2148 2471 2323 2533 liber
2345 2470 2621 2552 legibus

429 2611 472 2652 a
539 2610 613 2651 se
681 2573 877 2652 factis
938 2608 1012 2650 se
1070 2588 1216 2668 ipse
1286 2588 1669 2669 gubernare
1715 2596 1949 2668 posset
1965 2634 1980 2661 ,
2026 2606 2306 2649 necesse
2354 2596 2502 2649 erat
2544 2594 2620 2649 ut

434 2712 518 2768 ea
585 2724 761 2786 quae
822 2703 1017 2765 nobis
1076 2702 1410 2765 libertatis
1453 2701 1805 2783 popularis
1848 2701 2217 2782 praecipua
2264 2701 2621 2763 commoda

429 2823 774 2894 videntur,
820 2820 967 2882 iura
1012 2839 1053 2882 a
1099 2820 1370 2901 legibus
1417 2820 1660 2882 eadem
1707 2819 2020 2882 omnibus
2064 2819 2348 2893 tributa,
2377 2818 2624 2881 iudicia

428 2939 697 3020 integra
743 2947 814 3000 et
858 2956 1078 3017 aequa
1094 2985 1108 3011 ,
1157 2937 1435 3000 libertas
1479 2937 1731 3019 agendi
1763 2935 2006 3018 cuique
2036 2936 2239 3017 plene
2272 2955 2613 3011 concessa,

431 3055 520 3116 ab
579 3073 714 3115 uno
777 3052 1049 3115 homine
1103 3052 1360 3134 populo
1416 3053 1739 3115 darentur
1783 3061 1853 3115 et
1900 3061 2132 3115 contra
2178 3031 2455 3114 ditiores
2501 3052 2618 3113 de-

437 3168 887 3233 fenderentur.
958 3169 1262 3250 Populus
1307 3168 1747 3232 Atheniensis
1791 3169 1979 3231 nullo
2025 3188 2193 3250 rege
2238 3169 2511 3250 quidem
2544 3168 2625 3230 iis

435 3286 810 3349 commodis
852 3306 1015 3348 usus
1060 3295 1197 3359 est,
1245 3305 1654 3368 quamquam
1701 3305 1785 3347 ea
1831 3286 2035 3348 etiam
2080 3285 2168 3346 ab
2200 3304 2335 3346 uno
2360 3284 2625 3346 Pericle

435 3402 500 3463 ei
546 3402 707 3464 data
750 3410 908 3463 sunt
928 3449 942 3475 ,
989 3401 1058 3461 in
1102 3400 1379 3482 reliquis
1425 3400 1716 3481 antiquis
1763 3399 2149 3463 civitatibus
2165 3449 2179 3475 ,
2226 3399 2624 3481 praesertim

435 3517 553 3579 ubi
597 3517 827 3598 plures
871 3518 1076 3579 urbes
1119 3515 1364 3579 finibus
1410 3516 1827 3597 reipublicae
1860 3517 2594 3598 comprehenderentur
2610 3563 2624 3589 ,

525 3846 566 3929 Γ)
606 3850 673 3908 Ρ.
716 3850 793 3908 Π.
839 3865 935 3924 47.
982 3870 1051 3926 33
1095 3850 1199 3908 IX.
1248 3868 1342 3925 23.
1389 3849 1603 3925 331X.
1653 3868 1746 3925 29.
1795 3851 1862 3925 83
1910 3851 2001 3926 36.
2048 3870 2116 3925 43
2161 3849 2264 3907 cfr.
2310 3849 2414 3905 IV.
2447 3851 2628 3926 16.5;

432 3951 538 4008 IV.
586 3968 680 4008 22.
725 3969 781 4022 4.
1240 3953 1243 3957 ’

517 4046 567 4128 2)
611 4047 731 4107 Cfr.
775 4048 822 4106 Ι.
867 4049 942 4106 Α.
986 4049 1249 4125 Wynne,
1296 4046 1514 4106 Gesch.
1557 4046 1664 4106 der
1709 4047 1908 4106 Oudh.
1958 4048 2130 4119 1864.
2175 4067 2232 4123 p.
2280 4066 2413 4105 200.

520 4145 569 4227 3)
609 4142 805 4205 Etiam
862 4144 1061 4206 Aetoli
1116 4145 1313 4206 conati
1371 4156 1507 4204 sunt
1560 4145 1731 4206 novis
1785 4145 2012 4223 legibus
2067 4154 2480 4222 paupertatem
2528 4145 2633 4204 mi-

431 4265 645 4314 nuere,
710 4247 775 4303 P.
843 4246 1009 4304 XIH.
1082 4265 1107 4303 1
1177 4264 1262 4321 sq.
1279 4267 1296 4320 3
1357 4244 1584 4323 legibus
1640 4264 1677 4303 a
1731 4243 1926 4322 Scopa
1981 4254 2041 4303 et
2095 4242 2461 4304 Dorimacho
2501 4245 2633 4304 latis

432 4344 684 4404 obnixus
725 4354 813 4403 est
856 4345 1211 4403 Alexander.
