3375 5084
1469 360 1594 420 229

439 535 787 615 praebuit,
852 544 922 595 et
983 533 1236 596 insidiis
1294 533 1482 596 fratri
1536 533 1863 596 faciendis
1908 535 2188 608 relictiS,
2237 536 2467 597 Roma
2513 537 2626 598 de-

443 650 661 712 cessit.
755 647 1047 712 Senatus
1114 649 1214 711 ira
1258 669 1621 712 succensus
1666 648 1999 712 beneficia
2046 650 2109 711 ei
2155 651 2317 713 data
2362 651 2624 724 adimit,

444 777 513 828 et
578 766 653 828 P.
723 766 1054 829 Licinium
1124 767 1431 851 legatum
1499 776 1656 847 post
1725 786 1880 828 eum
1947 767 2016 827 in
2084 766 2322 828 Asiam
2391 767 2625 842 mittit,

449 883 594 958 „cui
655 902 828 963 quae
888 884 1209 944 mandata
1273 882 1566 957 dederit,
1628 882 1724 944 ait
1780 882 2145 964 Polybius,
2200 882 2381 943 haud
2428 881 2627 945 facile

439 997 624 1060 dictu
689 1007 822 1071 est,
887 998 1009 1059 sed
1055 997 1274 1060 conici
1319 1008 1547 1078 potest
1592 1017 1684 1059 ex
1727 997 1809 1062 iis
1855 1017 2031 1078 quae
2077 1007 2320 1078 postea
2362 998 2625 1061 accide-

443 1113 627 1176 rint''.
719 1112 903 1201 Acta
963 1114 1112 1195 ipsa
1167 1123 1441 1175 senatus
1501 1113 1558 1175 si
1619 1123 1988 1195 cognosset
2046 1112 2404 1194 PolybiuS,
2450 1114 2624 1176 haec

433 1228 694 1291 nescire
739 1248 877 1290 non
921 1228 1273 1310 potuisset.
1691 1237 1694 1238 ’
2005 1207 2008 1210 ¹

523 1345 602 1407 In
649 1366 733 1407 ea
766 1324 972 1426 'parte
1019 1345 1440 1427 singulorum
1488 1345 1814 1407 librorum
1863 1365 2067 1426 quam
2114 1346 2319 1407 rebus
2364 1343 2622 1408 Roma·

432 1462 535 1524 nis
604 1461 793 1525 dedit
863 1461 1193 1543 Polybius
1255 1471 1324 1523 et
1382 1461 1552 1524 actis
1597 1471 1872 1523 senatus
1891 1510 1904 1533 ,
1952 1481 2222 1542 semper
2268 1463 2626 1525 commoda

434 1588 505 1639 et
550 1598 747 1640 casus
793 1577 1102 1660 gentium
1149 1587 1581 1639 externarum
1600 1625 1615 1650 ,
1663 1577 1826 1657 quid
1873 1597 1915 1638 a
1960 1586 2201 1638 senatu
2231 1577 2592 1658 petiverint
2608 1626 2622 1652 ,

432 1694 594 1775 quid
663 1694 763 1756 eis
809 1712 1227 1774 responsum
1298 1692 1384 1755 sit
1400 1740 1415 1767 ,
1483 1691 1774 1773 primum
1844 1693 2068 1755 locum
2137 1692 2475 1767 obtinent,
2534 1693 2620 1755 de

431 1811 635 1872 rebus
694 1809 968 1891 proprie
1028 1808 1363 1871 Romanis
1407 1807 1672 1870 nonnisi
1720 1808 1943 1871 obiter
1986 1807 2321 1871 interdum
2368 1809 2619 1871 mentio

430 1923 538 1999 fit;
586 1936 657 1989 et
702 1925 919 1988 sicubi
966 1945 1049 1987 ea
1093 1922 1170 1987 fit
1187 1973 1201 1999 ,
1247 1925 1420 1987 ratio
1449 1925 1655 2006 plane
1687 1924 1956 1986 diversa
1988 1933 2092 1986 est
2115 1944 2157 1985 a
2180 1923 2622 2005 scriptoribus

427 2042 738 2105 romanis,
831 2040 963 2105 Sic.
1027 2040 1277 2103 XXX.
1342 2061 1396 2104 c.
1469 2062 1543 2118 13
1607 2039 1683 2102 L.
1746 2039 2032 2103 Anicius
2077 2040 2297 2103 victor
2342 2038 2620 2104 Genthii

427 2168 586 2239 post
647 2157 1062 2237 triumphum
1118 2176 1175 2219 a.
1234 2178 1254 2218 1
1271 2160 1349 2236 67
1403 2157 1600 2218 ludos
1645 2156 1921 2219 Romae
1968 2156 2254 2218 instituit
2297 2156 2617 2219 ridiculos

422 2283 702 2355 propter
773 2282 1081 2355 agrestes
1153 2282 1222 2335 et
1289 2272 1580 2335 incultos
1648 2292 1890 2335 mores,
2012 2271 2163 2334 Res
2231 2291 2503 2352 prorsus
2572 2293 2612 2334 e

423 2401 652 2452 mente
709 2389 1045 2471 elegantis
1093 2388 1443 2451 cuiusdam
1489 2388 1616 2449 viri
1662 2386 1911 2452 Graeci
1956 2387 2343 2469 propositae
2391 2397 2611 2451 osten·

424 2507 591 2569 dunt
659 2487 826 2568 nihil
893 2505 1287 2567 Romanum
1354 2505 1418 2567 h.
1490 2505 1531 2566 l.
1594 2504 1771 2585 legi;
1835 2523 1951 2565 eas
2012 2503 2325 2566 adscribo
2389 2503 2611 2566 eidem

419 2620 587 2683 fonti
663 2621 771 2684 cui
838 2619 1088 2683 XXX.
1152 2641 1206 2683 c.
1271 2642 1310 2697 4
1332 2668 1346 2695 ,
1408 2619 1753 2682 traditioni
1810 2618 2225 2684 Graecorum
2292 2619 2406 2700 qui
2466 2630 2610 2681 tum

422 2738 697 2800 Romae
767 2737 1129 2819 degebant.
1222 2734 1362 2799 Sed
1425 2736 1629 2798 etiam
1690 2736 1770 2797 iis
1831 2735 2065 2816 paucis
2122 2734 2320 2809 lociS,
2368 2734 2611 2815 quibus

420 2873 530 2916 res
591 2853 862 2935 proprie
921 2852 1277 2914 Romanas
1338 2851 1569 2933 attigit
1586 2900 1601 2927 ,
1654 2870 2135 2932 nonnunquam
2184 2851 2613 2913 credibiliora

419 2979 646 3033 narrat
692 2990 896 3052 quam
944 2969 1220 3031 annales
1265 2968 1547 3032 Liviani.
1641 2966 1756 3031 Sic
1810 2969 1885 3031 P.
1933 2967 2200 3030 XVIII.
2249 2988 2303 3031 c.
2354 2988 2431 3045 42
2484 2973 2515 3044 ξ
2566 2990 2601 3046 3

418 3087 517 3149 Cl.
565 3086 933 3149 Marcellus
978 3087 1401 3148 consulatum
1447 3085 1593 3147 iniit
1638 3105 1697 3147 a.
1739 3107 1761 3145 1
1777 3088 1887 3173 96;
1920 3093 2284 3165 postquam
2306 3084 2608 3165 Philippi

415 3200 632 3283 legati
679 3201 745 3262 in
791 3210 1033 3263 senatu
1080 3200 1290 3263 auditi
1336 3210 1491 3263 sunt
1536 3201 1622 3261 de
1667 3219 1842 3282 pace
1861 3247 1875 3274 ,
1923 3199 2159 3262 consul
2204 3199 2272 3261 in
2319 3199 2606 3263 comitiis

415 3318 778 3399 prohibere
825 3318 1054 3380 studet
1082 3336 1169 3378 ne
1201 3317 1495 3398 populus
1527 3336 1772 3399 pacem
1804 3314 2171 3390 confirmet,
2200 3317 2319 3378 sed
2343 3315 2603 3391 frustra3

413 3443 689 3495 senatus
757 3432 982 3494 statim
1051 3433 1477 3495 decemviros
1537 3432 1759 3495 mittit.
1854 3431 2105 3494 Contra
2163 3432 2440 3494 annales
2496 3451 2602 3512 ap.

412 3549 559 3612 Liv.
624 3548 975 3611 XXXIII.
1048 3568 1100 3611 c.
1153 3569 1234 3626 24
1281 3549 1376 3611 ita
1421 3522 1725 3611 tradunt:
1775 3549 1964 3611 exitu
2009 3547 2224 3611 ferme
2269 3548 2427 3610 anni
2481 3568 2599 3628 197

414 3666 682 3729 litterae
753 3664 1050 3746 Quinctii
1111 3667 1198 3727 de
1257 3685 1493 3747 pugna
1510 3714 1525 3739 ,
1588 3666 1782 3728 brevi
1840 3675 1994 3747 post
2038 3665 2254 3748 legati
2301 3664 2602 3727 eiusdem

412 3791 484 3845 et
545 3781 846 3863 Philippi
900 3782 1197 3844 veniunt.
1291 3767 1421 3843 De‘
1448 3802 1619 3863 pace
1666 3782 2056 3855 audiuntur,
2103 3783 2341 3844 decem
2387 3781 2602 3862 legati
2714 3829 2720 3838 .

416 3918 460 3959 a
505 3907 744 3960 senatu
789 3898 1155 3960 mittuntur.
1225 3876 1480 3961 Postea
1524 3899 1600 3980 (c.
1655 3919 1686 3959 2
1699 3898 1758 3979 5)
1791 3898 2102 3960 consules
2128 3897 2600 3979 magistratum
2684 3906 2688 3909 ’

412 4013 646 4075 ineunt
662 4061 677 4088 ,
731 4009 802 4076 et
845 4034 1000 4076 cum
1047 4015 1132 4076 de
1176 4014 1540 4096 provinciis
1587 4024 1908 4096 ageretur
1943 4022 2013 4075 et
2042 4013 2310 4075 Italiam
2340 4013 2604 4093 utrique

412 4130 834 4212 provinciam
915 4141 1188 4193 senatus
1257 4132 1655 4194 decerneret
1679 4180 1694 4206 ,
1765 4139 1840 4192 ut
1906 4130 2380 4193 Macedoniam
2449 4150 2602 4193 cum

410 4245 614 4308 Italia
674 4246 1073 4309 sortirentur
1131 4247 1519 4309 tendebant.
1610 4246 1929 4308 Fortasse
1988 4248 2224 4309 consul
2272 4267 2313 4308 a
2359 4257 2598 4309 senatu

411 4361 814 4425 obtinuisset
882 4372 958 4425 ut
1017 4381 1257 4443 pacem
1319 4362 1623 4438 tolleret,
1688 4362 1816 4425 nisi
1872 4363 2123 4425 tribuni
2174 4363 2398 4446 plebis
2443 4384 2598 4426 eum
