3375 5084
1443 409 1447 414 ,
1486 354 1612 428 267

461 554 605 608 tum
662 563 813 606 esse
872 522 1109 624 paullo
1165 549 1321 622 post
1374 540 1642 604 cladem
1686 540 1765 623 (a.
1823 562 1845 602 1
1860 561 1942 618 43
1990 540 2105 602 vel
2151 538 2359 621 post),
2405 547 2647 621 postea

461 680 615 746 cum
663 679 748 723 ea
790 666 1189 752 retractaret
1234 676 1410 738 quae
1457 665 1615 719 ante
1672 677 1694 717 1
1708 678 1792 735 49
1842 655 2205 737 scripserat
2218 704 2233 731 ‚
2281 674 2437 718 eum
2476 655 2645 718 nihil

460 775 828 839 mutavisse
845 822 860 849 ‚
908 774 1169 856 aliquot
1211 780 1474 836 tantum
1521 770 1748 853 capita
1794 771 2153 835 addidisse.

550 891 914 956 Accedunt
981 890 1272 972 denique
1341 888 1599 971 aliquot
1666 889 1803 952 loci
1866 909 1905 952 e
1968 888 2158 951 libris
2218 887 2444 951 I—IV
2461 935 2475 963 ‚
2531 888 2648 968 qui

461 1011 628 1073 ante
676 1031 698 1071 1
714 1031 797 1088 49
844 1007 1076 1090 scripti
1123 1027 1273 1071 esse
1317 1007 1654 1071 videntur.

549 1107 669 1186 V'I.
747 1146 824 1202 14
894 1128 927 1200 5
998 1127 1070 1186 6:
1142 1125 1346 1206 κρίνει
1405 1125 1526 1203 μὲν
1591 1113 1705 1188 οὖν
1769 1125 1804 1186 o‘
1863 1118 2057 1202 δῆμος
2101 1120 2193 1203 (ἐν
2242 1117 2493 1205 “Ρώμῃ)
2538 1123 2650 1184 καὶ

461 1237 774 1323 διαφόρου
820 1233 1134 1313 πολλάκις
1151 1283 1168 1313 ,
1214 1241 1377 1304 ὅταν
1403 1236 1751 1321 ἀξιόχρεων
1777 1232 1817 1322 ᾖ
1843 1237 1916 1302 τὸ
1944 1239 2186 1322 τίμημα
2212 1244 2323 1318 τῆς
2348 1231 2648 1318 ἀδικίας,

462 1362 571 1422 καὶ
619 1350 902 1436 μάλιστα
949 1355 1096 1432 τούς
1143 1356 1257 1431 τὰς
1307 1358 1647 1436 ἐπιφανεῖς
1699 1354 2051 1439 ἐσχηκότας
2097 1353 2435 1442 ἄρχάςχ-
2468 1351 2649 1414 Illud

464 1471 780 1555 διαφόρου
837 1475 1086 1555 κρίνειν
1134 1475 1286 1536 τινὰ
1335 1479 1441 1533 est
1485 1471 1571 1534 de
1617 1489 1738 1533 reo
1787 1468 2080 1532 criminis
2123 1453 2650 1550 repetundarum

464 1587 796 1662 iudicare;
843 1585 1149 1651 Africani
1193 1585 1466 1650 maioris
1514 1605 1724 1651 causa
1767 1584 2063 1668 Polybio
2110 1585 2527 1648 obversatur.
2566 1620 2648 1630 -

464 1703 660 1786 Lege
730 1700 1095 1785 Calpurnia
1160 1710 1391 1767 autem
1451 1721 1511 1765 a.
1585 1724 1608 1763 1
1623 1723 1708 1780 49
1772 1699 2080 1783 quaestio
2126 1700 2652 1782 repetundarum

464 1820 769 1883 instituta
828 1828 934 1883 est
948 1867 963 1895 ‚
1011 1818 1202 1883 cuius
1245 1816 1504 1882 iudices
1550 1827 1745 1882 erant
1789 1814 2157 1881 Senatores
2202 1815 2406 1899 (App.
2451 1814 2530 1879 B.
2580 1815 2652 1880 C.

463 1935 515 1998 I.
584 1935 686 2018 22)
726 1931 786 2018 ¹).
892 1935 1132 2019 Itaque
1189 1935 1305 1998 vel
1366 1943 1524 2000 ante
1580 1935 1699 1998 vel
1758 1953 1897 1997 non
1939 1933 2156 1997 multo
2201 1942 2359 2015 post
2411 1953 2533 2012 149
2579 1932 2654 1995 id

466 2052 789 2134 scriptum
848 2061 987 2127 est,
1047 2052 1222 2115 inter
1281 2070 1494 2114 annos
1564 2073 1586 2113 1
1604 2055 1909 2128 50-148
1930 2097 1945 2125 ,
2006 2068 2161 2113 cum
2228 2049 2298 2112 in
2359 2047 2652 2114 Graecia

466 2169 752 2250 degeret
767 2216 782 2243 ,
828 2168 948 2230 ubi
992 2167 1271 2250 ignarus
1315 2165 1522 2230 fuisse
1567 2175 1799 2248 potest
1841 2164 2040 2228 huius
2083 2165 2280 2248 legiS.

551 2283 671 2347 IV.
748 2303 829 2363 74
899 2289 931 2361 5
1001 2289 1060 2347 8.
1165 2282 1309 2346 Elis
1369 2282 1531 2345 olim
1597 2291 1745 2346 erat
1785 2281 1907 2344 illo
1954 2291 2191 2345 sancto
2235 2281 2415 2354 iure,
2468 2281 2654 2362 quod

466 2392 744 2461 ἀσυλίαν
795 2396 1026 2460 dicunt
1043 2445 1058 2472 ,
1104 2415 1238 2478 quo
1283 2396 1607 2479 neglecto
1652 2395 1868 2458 multa
1909 2394 2192 2477 negotia
2237 2405 2307 2460 et
2344 2395 2648 2477 pericula

465 2513 535 2575 in
596 2512 798 2575 bellis
857 2512 1188 2576 sustinere
1252 2512 1567 2575 debebat.
1656 2510 1845 2574 Eleis
1890 2510 2243 2574 consilium
2290 2511 2409 2574 dat
2445 2509 2651 2593 Poly-

465 2628 620 2691 bius
665 2637 740 2692 ut
783 2628 954 2691 illud
995 2628 1100 2691 ius
1144 2646 1548 2710 recuperare
1595 2628 1939 2702 studeant3
1994 2626 2291 2703 „nullum
2337 2637 2495 2691 ante
2509 2674 2524 2701 ‚
2557 2625 2653 2691 ait

464 2753 605 2807 tam
674 2752 909 2826 aptum
966 2742 1092 2824 fuit
1151 2753 1420 2826 tempus
1480 2745 1569 2808 ad
1627 2739 1907 2811 ἀσυλίαν
1969 2742 2269 2806 omnium
2316 2761 2649 2806 consensu

465 2862 839 2943 parandam
856 2909 873 2936 ‚
919 2881 1124 2944 quam
1167 2832 1491 2944 praesens
1535 2860 1855 2942 tempus”.
1927 2859 2193 2941 Nempe
2234 2878 2389 2923 cum
2415 2858 2655 2922 Aetoli

464 2977 812 3060 profligati
880 2987 1139 3060 essent,
1213 2998 1369 3041 cum
1430 2974 1679 3059 Sparta
1740 2995 1895 3040 eum
1949 2973 2296 3040 Societate
2339 2975 2653 3039 Achaica

465 3092 725 3158 faceret
740 3141 755 3168 ,
800 3094 871 3156 id
916 3093 1270 3157 consilium
1314 3094 1796 3175 tempestivum
1838 3091 2048 3158 fuisse
2092 3092 2378 3155 videtur.
2446 3091 2652 3175 Poly-

468 3210 619 3272 bius
678 3210 812 3273 hoc
872 3210 1027 3273 loco
1085 3209 1279 3273 sicuti
1333 3208 1453 3273 IV.
1501 3228 1557 3272 e.
1606 3230 1684 3287 32
1738 3214 1771 3286 5
1818 3230 1857 3288 9
1905 3208 2268 3272 concordia
2311 3207 2650 3290 Pelopon-

466 3326 612 3389 nesi
679 3327 939 3409 gaudet
1007 3325 1280 3408 quidem
1296 3374 1310 3401 ,
1375 3326 1499 3390 sed
1557 3334 1831 3388 veretur
1890 3345 1978 3388 ne
2040 3345 2083 3388 a
2143 3321 2496 3406 Spartanis
2537 3325 2654 3392 vel

470 3441 827 3505 Messeniis
871 3461 1053 3505 nova
1096 3441 1378 3524 negotia
1422 3441 1876 3504 exhibeantur
1892 3489 1907 3517 ,
1952 3441 2245 3523 ideoque
2289 3441 2420 3505 hac
2460 3460 2654 3504 occa-

469 3557 659 3621 sione
725 3557 934 3620 Eleos
999 3557 1097 3620 uti
1157 3557 1320 3621 vult.
1414 3556 1664 3622 Contra
1721 3566 1880 3639 post
1945 3579 1967 3619 1
1983 3579 2066 3635 44
2112 3557 2252 3620 tale
2297 3555 2650 3620 consilium

472 3673 659 3737 Eleis
728 3675 964 3738 datum
980 3721 995 3749 ,
1069 3693 1206 3736 non
1281 3693 1478 3737 secus
1547 3694 1750 3756 quam
1819 3673 2173 3738 consilium
2247 3672 2367 3736 IV.
2440 3693 2542 3751 32.
2614 3694 2653 3752 9

471 3789 830 3853 Messeniis
890 3791 1124 3853 datum
1140 3837 1155 3865 ,
1213 3790 1438 3871 potius
1482 3790 1756 3854 ludibrii
1802 3810 2006 3872 quam
2050 3788 2453 3871 prudentiae
2499 3808 2649 3870 spe-

564 4085 604 4168 ¹)
665 4088 759 4147 De
816 4086 915 4147 illo
968 4087 1104 4147 loco
1156 4084 1325 4147 aliter
1379 4084 1623 4170 Nitzsch
1677 4086 1804 4146 Pol.
1855 4106 1917 4164 p.
1965 4105 2097 4164 139.
2140 4085 2309 4146 Idem
2353 4104 2413 4162 p.
2457 4101 2531 4162 97
2576 4082 2659 4143 ait

469 4185 782 4264 Polybium
837 4187 942 4245 VI.
1006 4203 1074 4261 17
1130 4186 1210 4245 ad
1259 4204 1475 4244 munus
1518 4203 1831 4245 censorum
1872 4182 2103 4243 Italiam
2148 4194 2377 4244 tantum
2420 4184 2653 4244 referre.

471 4284 589 4345 Sed
648 4287 773 4345 Pol.
829 4282 944 4344 ait:
1003 4290 1093 4347 διὰ
1140 4293 1315 4354 πάσης
1360 4284 1586 4354 Ἰταλίας
1627 4320 1709 4328 —
1758 4288 2059 4363 συλλήβδην
2108 4288 2208 4345 ’ὅσα
2255 4291 2515 4346 πέπτωκεν
2553 4288 2654 4345 ὑπὸ

471 4394 563 4452 τὴν
600 4385 862 4467 Ῥωμαίων
901 4389 1228 4447 δυναστείαν.
