3375 5084
1821 338 1940 393 194

789 507 1039 572 refutat
1054 557 1069 582 ‚
1114 528 1293 571 -cum
1353 508 1501 589 ipse
1560 527 1720 570 eum
1778 508 2024 589 viginti
2083 508 2454 571 stadiorum
2500 528 2652 571 esse
2697 527 2976 589 compe·

788 626 1001 688 risset.
1113 623 1365 687 Contra
1437 625 1830 705 imprudens
1903 624 2052 687 libr.
2129 624 2248 686 HI.
2316 626 2404 687 de
2475 625 2611 687 situ
2677 623 2978 707 Sagunti

788 741 1038 803 erravit
1060 789 1076 814 ,
1167 760 1324 803 cum
1396 751 1744 803 auctorem
1823 760 2024 802 suum
2099 738 2386 803 Fabium
2459 741 2659 803 nimis
2731 760 2972 821 presse

786 867 1199 938 sequeretur.

875 969 1277 1056 (Aegyptus).
1345 970 1425 1033 In
1469 970 1873 1053 Aegyptum
1917 971 2229 1051 pervenit
2273 971 2602 1053 Polybius
2631 981 2968 1053 regnante

786 1087 1186 1150 Ptolemaeo
1254 1085 1601 1169 Euergeta
1668 1086 2030 1168 Ph3rscone
2098 1086 2456 1168 (XXXIV
2457 1136 2471 1150 .
2532 1108 2589 1150 c.
2660 1087 2790 1166 14),
2856 1087 2978 1167 qui

787 1212 944 1284 post
1011 1212 1301 1265 mortem
1367 1201 1845 1264 Philometoris
1911 1203 2110 1284 (anno
2189 1223 2307 1280 145
2378 1202 2453 1265 P.
2522 1202 2675 1264 XL.
2748 1221 2843 1264 12.
2909 1201 2975 1282 5)

785 1339 1077 1402 regnum
1121 1319 1307 1381 solus
1354 1319 1660 1382 obtinuit.
1751 1317 1947 1400 Quae
1993 1319 2462 1382 Alexandriae
2507 1319 2678 1382 vidit
2722 1318 2974 1382 descri-

787 1437 891 1499 bit
933 1436 1063 1498 tria
1107 1455 1366 1518 genera
1409 1436 1758 1498 hominum
1773 1484 1790 1510 ‚
1835 1436 2021 1517 ipsos
2051 1436 2239 1499 cives
2267 1436 2642 1519 indigenas
2663 1436 2976 1498 homines

788 1552 1100 1615 sollertes
1154 1562 1225 1615 et
1271 1553 1361 1614 ad
1405 1562 1587 1615 artes
1628 1552 1820 1634 pacis
1863 1553 2186 1633 propensi
2232 1552 2366 1635 (ὀξύ
2415 1558 2527 1616 καὶ
2574 1548 2975 1632 πολιτικόν);

786 1667 1037 1730 milites
1053 1716 1070 1742 ‚
1114 1667 1567 1731 mercenarios
1612 1687 1879 1741 omnen,
1925 1688 2143 1750 grave
2188 1688 2408 1751 regno
2438 1688 2610 1731 onus
2639 1668 2825 1752 (βαρύ
2862 1669 2977 1729 καὶ

789 1778 957 1846 πολύ
1005 1785 1115 1847 καὶ
1163 1783 1563 1862 οἷνάγωγον);
1609 1783 1797 1846 cives
1842 1782 2344 1857 Alexandriae,
2390 1784 2680 1847 mixtum
2722 1803 2974 1866 genus,

790 1897 1094 1963 Graecos
1138 1919 1394 1982 magna
1437 1919 1531 1962 ex
1572 1909 1771 1980 parte
1815 1899 1961 1962 sive
1992 1897 2275 1963 Graecis
2305 1901 2629 1963 oriundos
2645 1948 2662 1973 ,
2694 1920 2738 1962 a
2756 1899 2975 1981 Phys-

793 2036 966 2079 cone
1010 2035 1219 2097 saepe
1264 2016 1552 2078 militum
1596 2015 1862 2078 libidini
1904 2017 2173 2079 deditos
2217 2026 2287 2079 et
2330 2017 2437 2079 his
2481 2017 2790 2080 cladibus
2828 2026 2976 2078 tum

790 2131 1183 2195 debilitatos
1227 2129 1364 2213 (cfr.
1408 2131 1617 2213 Trog.
1663 2130 1903 2213 Pomp.
1949 2152 2057 2214 ap.
2103 2132 2342 2212 Justin.
2385 2131 2807 2194 XXXVHJ.
2840 2151 2897 2194 e.
2934 2137 2973 2194 8

790 2252 823 2323 5
897 2246 971 2328 7).
1080 2246 1304 2310 Etiam
1374 2246 1539 2309 alibi
1604 2266 1830 2309 mores
1897 2246 2521 2311 Alexandrinorum
2587 2267 2761 2329 quos
2826 2257 2977 2309 tum

792 2364 1119 2446 cognovit
1163 2364 1417 2446 tetigit3
1466 2364 1581 2427 sie.
1626 2363 1790 2427 XV.
1838 2385 1893 2428 c.
1942 2385 2028 2442 30
2072 2369 2104 2441 5
2161 2386 2239 2427 1o
2284 2365 2380 2427 ait
2425 2365 2484 2427 si
2527 2365 2645 2444 qui
2688 2365 2760 2426 in
2801 2365 2975 2426 urbe

790 2481 1124 2544 tumultus
1200 2480 1500 2543 existunt
1575 2500 1825 2561 pueros
1899 2501 2036 2545 non
2108 2481 2440 2544 minorem
2513 2500 2719 2562 quam
2790 2480 2977 2542 viros

789 2607 1054 2679 partem
1096 2596 1167 2659 in
1210 2596 1291 2660 iis
1334 2598 1510 2660 tueri
1528 2645 1544 2670 ,
1589 2617 1816 2679 neque
1863 2596 2332 2662 Alexandriae
2369 2599 2443 2660 id
2472 2597 2746 2679 quidem
2777 2617 2977 2660 secus

792 2723 997 2795 atque
1047 2712 1480 2797 Carthagine.

881 2826 1190 2914 (Africa).
1281 2828 1454 2894 Cum
1515 2826 1837 2912 Scipione
1895 2830 2087 2893 annis
2150 2852 2173 2892 1
2188 2850 2273 2907 50
2331 2840 2401 2894 et
2454 2852 2477 2892 1
2490 2834 2576 2908 46
2611 2807 2692 2892 in
2737 2828 2978 2893 Astica

793 2945 948 3020 fuit;
1003 2945 1519 3027 diligentissime
1584 2943 1789 3009 etiam
1832 2947 1966 3009 hoc
2010 2947 2250 3009 itinere
2294 2966 2460 3009 usus
2508 2955 2617 3009 est
2630 2996 2644 3023 ,
2691 2954 2769 3009 ut
2814 2965 2977 3028 cog-

794 3062 1117 3126 nitionem
1178 3082 1367 3125 suam
1412 3082 1639 3125 rerum
1684 3073 2034 3145 gestarum
2082 3073 2151 3126 et
2196 3063 2366 3126 situs
2410 3063 2720 3127 locorum
2765 3083 2975 3146 auge-

796 3187 917 3241 ret.
1009 3175 1295 3258 Quoties
1356 3178 1554 3260 copia
1613 3178 1687 3240 ei·
1739 3177 1866 3242 fuit
1882 3228 1897 3253 ,
1960 3199 2114 3242 cum
2174 3180 2358 3243 viros
2417 3180 2489 3242 in
2530 3180 2652 3242 ina
2693 3180 2977 3263 regione

796 3293 1198 3356 auctoritate
1267 3292 1568 3375 insignes
1584 3341 1600 3366 ,
1669 3303 1819 3356 tum
1879 3294 2188 3358 homines
2249 3295 2506 3358 minore
2566 3295 2722 3358 loco
2785 3304 2981 3357 natos

793 3408 1245 3490 interrogavit
1304 3409 1390 3472 de
1452 3410 1657 3472 rebus
1714 3409 1929 3491 gestis
1946 3458 1960 3485 ,
2020 3410 2123 3473 sui
2167 3409 2331 3473 dicti
2375 3429 2638 3473 memor
2680 3410 2978 3492 regionis

798 3524 1082 3588 alicuius
1139 3524 1395 3587 incolas
1445 3544 1582 3586 non
1628 3524 1850 3587 solum
1893 3502 1972 3588 ut
2014 3526 2360 3607 proverbii
2403 3526 2559 3589 loco
2593 3524 2816 3588 'fertur
2857 3545 2976 3606 op-

797 3640 1000 3703 timos
1062 3648 1374 3703 auctores
1424 3660 1584 3736 esse
1646 3650 1864 3706 status
1908 3650 2267 3704 ventorum
2281 3689 2296 3716 ,
2344 3642 2467 3704 sed
2512 3641 2719 3705 etiam
2762 3660 2979 3723 popu-

801 3755 1041 3817 larium
1073 3774 1348 3818 suorum
1377 3775 1600 3818 mores
1628 3765 1699 3818 et
1726 3755 2024 3819 indolem
2046 3757 2301 3838 optime
2323 3755 2466 3819 fere
2485 3755 2894 3839 cognovisse
2919 3751 2980 3835 ¹);

805 3870 1039 3951 itaque
1102 3889 1276 3951 quae
1334 3870 1424 3933 ,de
1484 3869 1888 3942 Hannibalis
1942 3871 2172 3934 indole
2214 3872 2343 3953 ipsi
2389 3870 2987 3954 Carthaginienses

805 3984 869 4046 ei
928 3983 1345 4048 tradiderant
1360 4033 1374 4060 ,
1436 4004 1611 4066 quae
1670 3995 1912 4066 postea
1968 3986 2360 4050 Massinissa
2414 3984 2869 4049 affirmaverat
2916 3995 2991 4049 et

807 4098 1186 4162 accuratius
1248 4100 1311 4162 ei
1373 4110 1785 4181 exposuerat
1844 4100 1991 4183 (IX.
2059 4123 2089 4162 2
2101 4122 2135 4179 5
2195 4108 2227 4179 ἓ
2277 4123 2309 4163 2
2362 4111 2433 4165 et
2478 4108 2510 4179 ἓ
2557 4102 2650 4184 4),
2699 4101 2992 4184 opponit

902 4346 941 4427 1>
981 4350 1085 4407 ΙΧ.
1134 4366 1203 4426 25
1250 4357 1277 4420 ἓ
1321 4298 1395 4426 3...
