3375 5084
1947 361 2067 435 148

910 558 1139 630 potest
1199 569 1238 610 e
1299 548 1602 629 periculo
1663 569 1801 631 quo
1865 548 2168 613 Romani
2213 550 2653 613 circumventi
2699 559 2920 623 erant,
2970 549 3103 611 sed

910 663 1302 746 Scipionem
1361 665 1566 727 etiam
1626 675 1769 727 tum
1831 666 2054 748 magis
2114 665 2384 729 fortuna
2440 687 2644 748 quam
2698 664 3103 728 fortitudine

910 803 949 844 e
1011 782 1210 865 gravi
1254 782 1559 864 periculo
1606 793 1952 846 servatum
1999 804 2149 846 esse
2194 784 2415 847 lector
2459 783 2729 864 quidem
2779 783 3099 846 conicere

906 908 1164 980 potest3
1213 899 1337 961 sed
1383 899 1633 962 diserte
1677 919 1812 962 non
1861 900 2052 963 addit
2097 899 2445 982 Polybius,
2526 899 2617 963 Et
2659 899 2893 982 paullo
2936 907 3109 980 post

906 1013 1176 1078 fortuna
1236 1016 1480 1078 iterum
1526 1015 1783 1097 optime
1830 1036 1986 1079 cum
2032 1013 2352 1098 Scipione
2401 1015 2546 1098 egit
2562 1064 2577 1091 ,
2625 1035 2780 1078 cum
2827 1012 3103 1096 Sypha-

906 1151 1057 1194 cem
1120 1140 1394 1212 captum
1452 1131 1515 1193 ei
1561 1132 1881 1195 traderet.
1931 1169 2014 1177 —
2061 1131 2218 1195 Non
2263 1152 2462 1195 secus
2507 1131 2727 1194 sentio
2775 1132 2861 1194 de
2904 1130 3107 1193 bello

904 1249 973 1310 in
1019 1247 1354 1329 Hispania
1398 1258 1618 1330 gesto.
1710 1249 2014 1312 Romani
2060 1249 2439 1313 exercitum
2486 1269 2570 1312 eo
2617 1248 2937 1311 miserant
2978 1247 3108 1328 qui

902 1364 1300 1446 prohiberet
1358 1384 1445 1427 ne
1499 1374 1684 1427 trans
1731 1364 1955 1448 Alpes
2004 1365 2262 1428 auxilia
2304 1366 2395 1428 ad
2439 1364 2899 1427 Hannibalem
2941 1382 3106 1445 per-

901 1480 1212 1543 venirent
1252 1475 1327 1561 ¹);
1373 1500 1508 1544 non
1555 1481 1702 1543 sine
1749 1501 1956 1545 causa
1995 1481 2250 1545 Fabius
2282 1479 2587 1564 Scipioni
2620 1478 3067 1562 exprobravit
3090 1528 3106 1552 ,

902 1595 1086 1676 quod
1130 1595 1637 1659 Hasdrubalem
1681 1618 1722 1659 e
1767 1597 2078 1660 manibus
2116 1598 2255 1660 suis
2284 1598 2353 1659 in
2377 1597 2647 1660 Italiam
2674 1596 3006 1677 emisisset
3033 1594 3103 1675 ²).

902 1708 1134 1793 Scipio
1203 1710 1405 1775 facile
1474 1733 1626 1775 eam
1687 1723 1956 1794 partem
2018 1713 2393 1795 Hispaniae
2448 1733 2627 1794 quae
2676 1713 2773 1776 cis
2816 1711 3104 1774 Iberum

901 1835 1035 1901 est,
1084 1836 1155 1889 et
1200 1826 1632 1909 Pyrenaeum
1649 1877 1664 1904 ‚
1713 1830 1801 1891 ab
1846 1827 2283 1892 Hasdrubale
2329 1829 2695 1892 defendere
2741 1836 3098 1909 potuerat;

900 1942 1255 2005 consilium
1318 1941 1796 2026 Carthagenae
1861 1945 2238 2027 capiendae
2258 1993 2272 2020 ,
2336 1945 2601 2008 etiamsi
2666 1944 2891 2007 omnia
2936 1952 3101 2005 ante

899 2057 1265 2140 diligenter
1340 2060 1729 2142 exploravit
1751 2109 1766 2136 ,
1849 2061 2015 2125 satis
2091 2062 2527 2124 temerarium
2604 2068 2753 2123 erat
2777 2107 2792 2133 ,
2874 2078 3101 2140 neque

898 2174 1121 2238 solum
1165 2195 1256 2237 ex
1302 2184 1552 2239 eventu
1600 2177 1884 2240 iudicari
1931 2178 2157 2240 debet.
2228 2175 2553 2241 Summae
2599 2176 2837 2257 utique
2882 2184 3095 2238 teme-

896 2290 1111 2354 ritatis
1181 2301 1329 2354 erat
1388 2293 1518 2355 iter
1577 2294 1666 2355 ad
1729 2292 2120 2376 Syphacem
2183 2294 2252 2357 in
2312 2293 2620 2357 Africam
2678 2291 2940 2356 factum
2998 2290 3093 2373 (L.

895 2405 1241 2469 XXVIII.
1297 2428 1351 2471 e.
1409 2413 1483 2471 18
1532 2407 1649 2472 cfr.
1699 2409 1774 2472 P.
1821 2408 1949 2472 XI.
1998 2429 2053 2473 c.
2106 2421 2221 2487 24a
2267 2414 2298 2485 5
2348 2408 2426 2490 4).
2517 2408 2791 2471 Deinde
2837 2406 3092 2469 Fabius

897 2543 1053 2586 eum
1099 2512 1265 2586 dicit
1318 2533 1590 2598 „natum
1636 2525 1727 2587 ad
1772 2526 2340 2608 corrumpendam
2384 2524 2814 2606 disciplinam
2844 2523 3088 2585 milita-

894 2659 1038 2702 rem
1093 2636 1169 2721 ³);
1242 2640 1487 2702 seditio
1558 2641 1646 2702 ad
1717 2638 2093 2704 Sucronem
2163 2640 2347 2705 facta
2366 2689 2380 2716 ,
2442 2640 2728 2722 negotia
2795 2640 2884 2702 ab
2950 2638 3091 2700 eius

893 2755 1218 2818 militibus
1281 2755 1736 2820 Locrensibus
1803 2758 2115 2821 exhibita
2152 2757 2197 2839 ⁴)
2259 2768 2444 2821 certe
2509 2757 2880 2820 ostendunt
2939 2774 3088 2818 eum

892 2869 963 2932 in
1034 2871 1166 2933 hac
1243 2881 1437 2952 parte
1514 2872 1676 2935 artis
1754 2873 2235 2955 imperatoriae
2313 2893 2471 2936 cum
2545 2871 2940 2935 Hannibale
3004 2890 3088 2932 ne

895 2987 1272 3068 comparari
1319 2988 1594 3068 quidem
1639 3009 1861 3071 posse.
1935 2988 2139 3072 Quod
2183 2990 2616 3053 nihilominus
2647 2999 2789 3052 tam
2813 2986 3085 3050 illustris

891 3100 1058 3162 belli
1128 3112 1413 3165 eventus
1458 3101 1585 3166 fuit
1601 3151 1615 3178 ,
1662 3102 1810 3167 fieri
1854 3125 1991 3167 non
2034 3115 2265 3187 potest
2309 3106 2474 3187 quin
2517 3105 2663 3168 fere
2710 3101 3087 3167 incredibili

891 3215 1201 3279 fortunae
1272 3217 1490 3281 favori
1558 3221 1809 3301 partim
1878 3222 2316 3285 adscribatur.
2407 3221 2745 3304 Polybius
2807 3218 3051 3284 erravit
3069 3266 3084 3291 ‚

895 3351 1049 3394 cum
1128 3352 1450 3415 magnam
1527 3354 1807 3417 operam
1882 3347 2171 3419 poneret
2234 3338 2305 3400 in
2373 3339 2505 3401 hac
2575 3358 2650 3401 re
2720 3326 3083 3400 refutanda.

1016 3695 1063 3777 ¹)
1104 3696 1487 3774 Quamquam
1532 3697 1596 3757 id
1638 3699 2006 3761 Hasdrubali
2047 3720 2086 3760 a
2128 3701 2349 3761 Senatu
2378 3704 2721 3762 Poenorum
2749 3701 3085 3761 mandatum

884 3813 1014 3855 esse
1056 3805 1122 3853 ut
1162 3794 1223 3853 in
1266 3794 1497 3855 Italiam
1541 3797 1747 3875 copias
1790 3798 2069 3874 duceret,
2113 3820 2166 3861 a.
2215 3820 2331 3860 210
2374 3800 2621 3860 demum
2640 3847 2655 3875 ,
2692 3819 2834 3860 cum
2855 3798 3086 3860 Cartha-

886 3912 1037 3971 gena
1077 3892 1197 3952 iam
1239 3904 1419 3971 capta
1462 3904 1614 3957 esset
1631 3941 1647 3971 ‚
1690 3898 1951 3957 Romam
1992 3897 2254 3974 primum
2295 3899 2649 3961 nunciatum
2694 3919 2822 3960 esse
2860 3898 3079 3957 videtur

884 3990 1035 4072 (Liv.
1095 3993 1350 4052 XXVII.
1409 4013 1461 4053 c.
1525 3991 1616 4073 5),
1674 4004 1878 4055 tamen
1932 4015 2025 4056 res
2064 3996 2185 4059 iam
2227 4008 2404 4061 antea
2442 4017 2481 4059 a
2522 3999 2747 4058 Senatu
2786 4003 3082 4075 expectata

886 4107 1028 4148 sane
1068 4100 1176 4149 est.
1263 4091 1380 4150 Cfr.
1426 4090 1606 4151 etiam
1649 4094 2022 4169 Mommsen,
2063 4097 2139 4154 R.
2184 4097 2399 4156 Gesch.
2447 4099 2494 4157 I.
2539 4118 2598 4174 p.
2642 4101 2783 4175 633.
2854 4156 2859 4162 .

970 4185 1021 4267 2)
1064 4188 1233 4249 Orat.
1275 4190 1420 4251 Fab.
1464 4196 1573 4268 ap.¹
1606 4190 1734 4252 Liv.
1777 4194 2031 4254 XXVII.
2076 4215 2127 4254 c.
2175 4215 2275 4268 42.

974 4282 1024 4363 3)
1063 4286 1192 4345 Liv.
1233 4289 1456 4348 XXIX.
1503 4309 1555 4348 c.
1606 4309 1699 4366 19.

971 4380 1023 4461 4)
1062 4382 1190 4443 Liv.
1231 4386 1453 4446 XXIX.
1496 4406 1550 4445 c.
1594 4406 1663 4463 93
1709 4408 1763 4450 c.
1813 4405 1881 4463 17
1928 4409 2057 4467 sqq.
