3375 5084
1495 369 1616 426 255

458 545 583 606 erit
654 544 748 625 (P.
820 541 1092 604 XXVI.
1156 563 1211 604 c,
1278 562 1312 619 3
1381 546 1411 617 ἓ
1477 539 1703 621 3—5);
1766 541 2067 604 Aemilio
2111 542 2357 605 Paullo
2406 552 2642 605 contra

458 680 699 741 parum
747 659 1244 722 criminationes
1295 678 1452 720 suas
1496 658 1893 738 probavisse
1941 657 2373 721 Callicratem
2419 660 2638 721 laetus

461 777 697 839 statuit
744 775 1013 859 (XXX
1072 797 1147 837 10
1194 780 1224 851 ἓ
1284 796 1303 835 1
1328 774 1395 854 1).
1489 771 1605 836 Sic
1651 773 2075 836 Demetrium
2120 773 2330 837 filium
2371 773 2641 839 Seleuci

457 894 642 974 regis
717 890 957 974 Syriae
1032 892 1240 972 ipsius
1317 912 1471 953 cum
1549 891 1796 953 damno
1865 900 2224 972 expertum
2293 912 2442 954 esse
2514 892 2609 954 ait
2626 940 2639 965 ,

456 1008 777 1070 iustitiam
833 1007 1079 1070 frustra
1137 1028 1179 1068 a
1223 1004 1484 1070 Senatu
1530 1025 1810 1068 romano
1857 1015 2001 1069 tum
2044 1007 2186 1087 peti
2232 1006 2533 1089 (XXXI.
2582 1028 2637 1070 e.

468 1146 541 1202 19
601 1129 631 1200 §
699 1145 775 1186 1o
822 1122 968 1204 sq.)‚
1018 1144 1171 1186 cum
1217 1124 1354 1184 iam
1399 1123 1544 1203 ipse
1593 1143 1748 1185 eum
1795 1122 2165 1185 monuisset
2209 1132 2284 1185 ut
2328 1142 2415 1184 ne
2460 1122 2639 1185 iusta

457 1260 664 1302 causa
725 1259 1000 1302 movere
1063 1237 1392 1303 Senatum
1453 1248 1735 1301 conatus
1793 1258 2070 1319 operam
2116 1238 2434 1319 perderet
2452 1287 2466 1313 ,
2514 1239 2638 1301 sed

451 1364 528 1417 ut
573 1375 767 1417 suam
811 1375 955 1418 rem
1001 1356 1149 1436 ipse
1196 1363 1437 1436 ageret
1481 1354 1531 1435 (ἓ
1584 1354 1658 1442 5).
1712 1391 1793 1398 —
1840 1353 2084 1416 Paullo
2131 1363 2288 1435 post
2338 1354 2639 1416 eiusdem

452 1471 786 1557 Demetrii
861 1472 1286 1535 adversarius
1306 1520 1319 1546 ,
1389 1470 1793 1533 Heraclides
1810 1519 1823 1545 ,
1896 1471 2160 1534 senatui
2229 1492 2302 1533 se
2364 1471 2609 1534 obtulit
2626 1520 2639 1545 ‚

455 1608 686 1651 secum
756 1608 970 1670 agens
1038 1607 1208 1670 quos
1269 1587 1520 1649 liberos
1581 1585 1908 1648 Antiochi
1964 1607 2115 1649 esse
2163 1586 2637 1649 contendebat.

452 1702 519 1765 Is
593 1713 823 1767 autem
889 1704 959 1765 in
1022 1703 1387 1766 multorum
1456 1711 1843 1765 senatorum
1904 1702 2058 1784 (τῶν
2125 1701 2385 1768 πολλῶν
2410 1751 2423 1777 ,
2485 1723 2640 1766 cum
2697 1765 2702 1770 .

454 1826 804 1881 contemtu
849 1818 944 1880 ait
988 1818 1337 1900 Polybius)
1384 1815 1688 1880 favorem
1734 1817 1828 1880 ita
1873 1838 1947 1880 se
1993 1818 2356 1880 insinuavit
2372 1867 2386 1892 ‚
2433 1827 2510 1881 ut
2543 1838 2635 1880 ex

453 1943 728 1996 senatus
794 1934 1101 1996 consulto
1164 1934 1227 1996 ei
1291 1933 1545 1996 auxilia
1591 1934 2114 1996 decernerentur
2157 1932 2529 2015 (XXXIII.
2581 1955 2635 1997 c.

463 2050 577 2131 16).
670 2049 771 2113 At
833 2070 924 2112 ex
982 2049 1088 2112 his
1141 2050 1370 2112 multis
1415 2069 1551 2111 non
1598 2069 1831 2112 omnes
1877 2049 2046 2112 disci
2092 2049 2388 2113 ostendit
2432 2049 2635 2132 Poly-

450 2166 635 2240 bius;
684 2186 821 2227 non
866 2165 1088 2227 solum
1135 2166 1313 2227 enim
1359 2165 1671 2227 Tiberius
1718 2162 2067 2228 Gracchus
2113 2165 2352 2227 sedulo
2383 2164 2636 2227 Deme-

450 2282 652 2359 trium
719 2281 976 2344 adiuvit
1042 2280 1380 2363 (XXXII.
1451 2301 1505 2343 c.
1587 2279 1678 2361 4),
1749 2281 1871 2342 sed
1933 2281 2137 2343 etiam
2198 2280 2636 2344 Heraclidem

450 2397 722 2460 Romae
793 2398 1158 2480 degentem
1228 2396 1469 2458 melior
1536 2416 1947 2477 quamquam
2014 2416 2294 2458 numero
2363 2395 2636 2459 inferior

448 2533 606 2594 pars
652 2522 1038 2576 senatorum
1084 2512 1170 2595 (οἱ
1214 2512 1465 2595 μέτριοι
1515 2510 1866 2574 XXXIII.
1915 2532 1969 2574 c.
2027 2516 2102 2574 16
2151 2516 2181 2587 g
2227 2510 2324 2592 10)
2359 2531 2635 2592 prorsus

448 2629 719 2710 sprevit.
811 2628 1085 2691 Laudes
1147 2628 1407 2691 consilii
1479 2646 1911 2690 romanorum
1929 2676 1942 2701 ,
1988 2627 2172 2708 quod
2218 2627 2636 2708 aliquantum

448 2736 580 2807 hoc
657 2754 965 2825 tempore
1041 2744 1111 2806 in
1186 2744 1480 2806 deterius
1550 2743 1726 2805 verti
1796 2752 2030 2805 censet
2099 2742 2427 2824 Polybius
2495 2741 2629 2824 (cfr.

449 2858 721 2922 XXVI.
784 2880 838 2923 c.
910 2880 944 2936 3
1011 2864 1041 2935 §
1110 2858 1201 2939 4),
1263 2859 1533 2921 omnino
1579 2859 1648 2919 in
1693 2859 1823 2921 hac
1868 2868 2063 2939 parte
2109 2858 2396 2921 rariores
2442 2868 2629 2932 sunt;

447 2976 570 3038 sed
637 2985 871 3038 tamen
942 2973 1352 3055 superfuisse
1425 2974 1520 3036 ait
1564 2974 1703 3055 ‘qui
1763 2974 1961 3037 huius
2022 2973 2283 3036 consilii
2342 2973 2635 3054 priscam

450 3092 933 3172 praestantiam
979 3091 1430 3164 servaverint,
1464 3091 1646 3172 quod
1678 3069 2117 3154 ostenderunt
2149 3109 2301 3152 cum
2328 3089 2632 3170 Charops

447 3207 728 3289 Epirota
798 3208 1074 3271 Romae
1135 3216 1347 3282 esset;
1411 3227 1567 3269 eum
1630 3207 1809 3269 enim
1871 3207 2182 3269 domibus
2228 3207 2364 3268 suis
2408 3206 2634 3287 prohi-

445 3324 741 3386 buerunt
785 3323 1039 3386 Lucius
1085 3320 1273 3385 Aem.
1321 3322 1602 3385 Paullus
1648 3332 1719 3385 et
1764 3322 2036 3385 Marcus
2076 3318 2262 3384 Aem.
2296 3299 2598 3402 Lepidus
2615 3370 2628 3395 ,

445 3459 580 3521 quo
643 3438 900 3503 factum
962 3449 1066 3503 est
1126 3449 1201 3503 ut
1256 3440 1460 3502 etiam
1506 3437 1803 3503 Senatus
1849 3439 1913 3501 ei
1959 3458 2134 3520 quae
2183 3437 2471 3519 petitum
2517 3458 2631 3499 ve-

444 3556 652 3618 nisset
713 3564 783 3617 et
827 3574 1224 3636 responsum
1271 3555 1597 3636 scriptum
1644 3554 2022 3637 denegaret
2063 3549 2122 3635 ¹).
2176 3590 2254 3597 -
2302 3551 2631 3634 Polybius

449 3670 862 3751 improbavit
953 3669 1305 3732 consilium
1395 3680 1670 3734 senatus
1760 3670 1830 3732 in
1918 3671 2122 3732 rebus
2198 3668 2629 3731 Rhodiorum

447 3784 741 3868 (XXVI.
821 3804 852 3864 7
920 3789 950 3860 ἓ
1019 3804 1053 3861 5
1116 3784 1234 3866 sq.)
1258 3833 1272 3859 ,
1318 3784 1386 3846 in
1432 3786 1635 3847 rebus
1679 3785 2114 3848 Massinissae
2160 3793 2231 3847 et
2278 3782 2630 3864 Carthagi-

449 3902 622 3964 sium
637 3950 650 3976 ,
698 3921 868 3983 quos
915 3921 956 3962 a
1002 3897 1261 3963 Senatu
1308 3901 1612 3963 consulte
1659 3901 1998 3964 debilitari
2044 3899 2232 3972 dicit,
2278 3919 2414 3961 non
2446 3898 2629 3980 quod

448 4017 702 4080 iustitia
746 4025 1061 4099 posceret
1106 4016 1201 4099 (οὐ
1252 4026 1341 4100 τῷ
1392 4015 1680 4103 δικαίῳ),
1726 4017 1850 4079 sed
1896 4017 2079 4098 quod
2109 4036 2270 4078 suae
2302 4014 2627 4077 avaritiae
2703 4009 2710 4012 ’

530 4281 575 4363 1)
616 4283 868 4342 XXXII.
911 4301 963 4340 e.
1012 4300 1083 4339 22
1128 4288 1156 4353 ἓ
1200 4283 1388 4353 4—6:
1433 4288 1482 4341 ἐν
1521 4284 1561 4360 ᾧ
1597 4282 1759 4362 καιρῷ
1796 4286 2068 4342 κάλλιστον
2105 4284 2301 4359 ἐγένετο
2326 4282 2517 4364 δεῖγμα
2539 4288 2632 4346 τῆς

441 4380 701 4461 Ῥωμαίων
739 4387 1003 4462 αἱρέσεως,
1047 4397 1262 4455 nempe
1303 4380 1383 4439 ab
1422 4377 1708 4438 Aemiliis.
