3375 5084
1494 329 1609 386 261

464 516 878 597 praestantia
933 517 1207 580 rationis
1254 518 1528 580 criticae
1577 537 1781 599 quam
1825 518 1970 598 ipse
2017 517 2114 580 ita
2159 518 2441 600 egregie
2489 517 2650 580 defi-

464 632 664 694 nivit:
736 631 1024 716 εὐλαβῶς
1098 639 1648 714 προςπορεόεσθαι
1722 634 1876 714 πρὸς
1948 642 2080 700 πᾶν
2153 635 2225 698 τὸ
2288 638 2466 711 παρὰ
2531 644 2649 714 τὴν

364 807 365 810 ,
464 752 691 828 κοινὴν
767 749 1035 814 ἔννοιαν
1110 745 1454 833 λεγόμενον
1530 749 1642 831 (Χ.
1719 769 1819 829 27.
1885 748 1943 830 8)
2007 749 2299 812 cernitur
2360 750 2427 811 in
2493 750 2656 832 ipsis

464 865 668 926 rebus
715 883 883 945 quas
927 863 1202 927 tradidit
1248 865 1361 926 vel
1408 865 1681 946 sprevit.
1775 861 1961 928 Sano
2008 873 2078 927 et
2123 865 2350 927 sobrio
2394 864 2645 928 iudicio

461 978 720 1042 factum
796 989 900 1042 est
974 988 1052 1042 ut
1125 1001 1167 1042 a
1233 979 1482 1043 fabulis
1551 990 1621 1043 et
1691 980 2275 1062 superstitionibus
2299 1029 2314 1054 ,
2386 981 2649 1043 consilii

464 1094 934 1188 magnitudine
990 1103 1061 1157 et
1105 1095 1447 1177 gravitate
1493 1105 1567 1159 ut
1613 1097 1701 1158 ab
1746 1096 1979 1177 inepto
2025 1105 2266 1158 ornatu
2310 1096 2650 1159 rhetorico

464 1229 734 1292 semper
795 1210 1070 1273 caverit.
1165 1210 1335 1274 Cum
1400 1231 1662 1274 summo
1710 1211 2027 1292 antiquae
2072 1210 2392 1273 historiae
2440 1211 2647 1292 scrip-

461 1335 610 1389 tore
673 1327 963 1389 collatus
1027 1326 1288 1390 etiamsi
1350 1324 1577 1390 deficit
1629 1327 1962 1409 Polybius
2006 1327 2434 1409 (quamquam
2481 1347 2641 1410 cog-

462 1442 733 1506 nitionis
787 1443 970 1505 haud
1016 1442 1234 1505 minus
1279 1443 1461 1506 utilis
1505 1444 1702 1505 nobis
1749 1452 1983 1506 auctor
2026 1441 2200 1523 fuit),
2246 1450 2475 1505 tamen
2523 1463 2646 1505 sua

465 1567 691 1621 aetate
761 1559 935 1621 adeo
1006 1558 1260 1640 primus
1329 1567 1399 1621 et
1464 1559 1700 1622 unicus
1770 1568 1874 1622 est
1898 1608 1912 1634 ,
1983 1569 2197 1622 artem
2260 1559 2650 1622 historicam

465 1676 909 1757 depravatam
968 1685 1037 1739 et
1096 1675 1342 1738 fabulis
1405 1675 1724 1739 infectam
1769 1685 1911 1739 tam
1955 1695 2170 1758 prope
2218 1677 2305 1739 ad
2348 1677 2646 1758 priscum

465 1791 902 1872 splendorem
969 1792 1240 1855 reduxit
1256 1841 1271 1867 ,
1331 1801 1521 1855 tanta
1581 1792 1870 1874 denique
1933 1793 2240 1856 doctrina
2283 1793 2644 1856 instructus

469 1906 538 1968 in
587 1927 671 1969 ea
724 1917 1033 1970 versatus
1078 1917 1183 1970 est
1199 1956 1214 1982 ,
1260 1918 1335 1971 ut
1379 1927 1515 1969 non
1559 1907 1800 1970 iniuria
1843 1908 2078 1990 similis
2123 1908 2314 1971 locus
2344 1909 2519 1971 inter
2548 1928 2649 1970 re-

463 2043 614 2085 rum
682 2032 991 2086 veterum
1058 2024 1419 2105 scriptores
1489 2024 1553 2086 ei
1623 2024 2008 2106 assignatus
2077 2044 2227 2087 esse
2293 2024 2606 2087 videatur
2632 2074 2647 2100 ,

378 2169 379 2172 ¹
428 2169 431 2172 ·
462 2158 666 2220 quem
723 2139 793 2202 in
849 2139 1281 2222 philosophia
1326 2140 1602 2220 antiqua
1646 2139 2059 2203 Aristoteles
2104 2140 2541 2222 occupaverit
2588 2140 2639 2222 ¹).

549 2381 589 2464 ¹)
643 2384 765 2444 Cfr.
818 2385 901 2443 H.
943 2381 1186 2457 Nissen,
1229 2380 1327 2443 die
1369 2381 1521 2443 Oek.
1563 2382 1669 2442 der
1715 2381 1930 2442 Gesch.
1974 2382 2034 2442 d.
2077 2382 2202 2442 Pol.
2244 2382 2282 2440 1.
2324 2382 2363 2440 l.
2404 2381 2464 2440 in
2504 2383 2638 2442 fine.
