3375 5084
1830 373 1951 431 190

790 545 956 608 certi
1002 545 1369 627 quidquam
1416 545 1622 608 statui
1667 554 1896 625 potest
1942 566 1980 607 e
2029 544 2196 607 locis
2243 545 2517 606 Arriani
2553 541 2594 625 ¹)
2639 545 2753 607 vel
2799 545 2984 606 Pau—

785 661 1014 723 saniae
1054 661 1129 740 2);
1177 661 1300 722 sed
1346 681 1501 723 cum
1547 659 1881 723 Arrianus
1928 660 2112 724 dicat
2159 681 2316 723 eum
2347 659 2649 742 Scipioni
2679 659 2984 723 adfuisse

785 776 855 836 in
899 776 1129 838 multis
1177 784 1247 838 et
1291 776 1560 858 magnis
1608 776 1839 850 bellis,
1887 796 2042 852 cum
2089 776 2240 838 aliis
2285 788 2430 839 tum
2476 777 2665 838 bello
2699 775 2986 840 Cartha·
3099 797 3109 805 ·

786 891 1094 973 geniensi
1112 939 1126 966 ,
1175 892 1501 954 credibile
1552 902 1656 955 est
1701 893 1834 954 hoc
1880 893 2141 955 bellum
2189 893 2276 954 ab
2325 913 2410 955 eo
2456 892 2754 955 indicari.

874 1008 984 1070 De
1036 1008 1315 1090 reliquis
1360 1008 1551 1071 libris
1596 1009 1871 1091 Polybii
1918 1009 2082 1093 (περὶ
2134 1015 2248 1085 τὰς
2299 1011 2513 1086 τάξεις
2560 1009 2636 1072 P.
2683 1009 2810 1071 IX.
2865 1029 2949 1070 20
2971 1057 2986 1083 ‚

784 1126 930 1206 περὶ
982 1138 1091 1206 τῆς
1139 1129 1283 1207 περὶ
1335 1131 1452 1207 τὴν
1504 1129 1870 1207 ἰσημερινὸν
1922 1099 2267 1208 οῖκήσεωξ),
2316 1127 2402 1189 de
2447 1126 2813 1188 Posidonio
2862 1125 2984 1206 qui

785 1240 930 1302 eius
990 1241 1304 1303 historias
1369 1242 1819 1317 continuavit,
1843 1228 1847 1232 ⁴
1875 1243 1963 1304 de
2013 1253 2325 1306 veterum
2371 1242 2773 1305 testimoniis
2817 1241 2985 1303 vide

785 1355 976 1417 locos
1029 1376 1071 1417 a
1118 1354 1735 1439 Schweighausero
1782 1358 2110 1421 collectos
2156 1359 2224 1420 in
2269 1358 2689 1440 praefatione
2738 1357 2977 1419 editio-

785 1472 889 1533 nis
936 1492 1118 1535 suae.

1631 1700 1734 1771 11.
1824 1701 2136 1773 Itinera.

880 1934 1231 2016 (Graecia).
1341 1936 1563 2018 Quam
1631 1940 1848 2019 probe
1918 1939 2324 2021 cognoverit
2383 1938 2589 2001 situm
2650 1936 2983 2000 Graeciae

790 2052 1040 2114 docent
1103 2073 1431 2117 excursus
1492 2055 1946 2137 geographici
2003 2057 2137 2118 huc
2191 2056 2353 2118 illuc
2400 2055 2632 2136 sparsi.
2722 2054 2983 2116 Multas

787 2169 994 2230 urbes
1056 2178 1127 2231 et
1185 2169 1340 2232 loca
1406 2170 1554 2251 ipse
1600 2171 1768 2234 adiit
1813 2171 1925 2253 (ex
1970 2192 2071 2254 gr.
2121 2192 2177 2235 a.
2239 2194 2260 2233 1
2277 2170 2381 2252 45)
2426 2181 2497 2234 et
2541 2171 2793 2252 ubique
2840 2170 2981 2231 ani-

788 2303 973 2345 mum
1019 2285 1313 2348 advertit
1357 2306 1441 2348 ea
1486 2307 1662 2369 quae
1710 2289 1799 2349 ad
1844 2308 2067 2349 rerum
2113 2296 2467 2369 gestarum
2512 2285 2975 2368 cognitionem

788 2399 1208 2463 interessent.
1270 2438 1353 2446 --
1408 2402 1527 2465 Ad
1571 2404 1782 2484 ipsius
1828 2403 2335 2485 indagationem
2381 2402 2603 2465 refero
2650 2402 2834 2483 quod
2878 2401 3018 2462 ait.

791 2515 895 2598 (ΙΙ.
963 2538 1036 2593 41
1109 2521 1141 2593 5
1215 2539 1236 2578 1
1255 2517 1312 2599 2)
1372 2520 1578 2581 urbes
1622 2519 1896 2594 Patras,
1944 2519 2240 2601 Dymas,
2287 2519 2630 2603 Tritaeam
2650 2566 2663 2593 ‚
2711 2518 2983 2579 Pharen

793 2650 968 2711 quae
1014 2632 1275 2713 primae
1325 2635 1413 2696 ad
1444 2632 1866 2698 Societatem
1899 2607 2204 2698 coierant
2226 2635 2612 2697 columnam
2636 2633 2983 2697 societatis

792 2747 1062 2829 signum
1123 2768 1258 2810 non
1320 2749 1659 2813 habuisse.
1737 2750 1858 2813 IV.
1912 2756 1990 2831 78
2040 2751 2189 2833 agit
2232 2752 2319 2813 de
2365 2751 2615 2832 insigni
2657 2748 2980 2811 Athenae

790 2863 1089 2948 imagine
1150 2863 1552 2946 Alipheirae
1613 2867 1683 2928 in
1745 2867 1998 2948 oppido
2062 2867 2286 2948 posita
2302 2914 2316 2940 ‚
2376 2887 2556 2948 quae·
2614 2885 2734 2928 cur
2776 2864 2890 2926 vel
2940 2884 2982 2925 a

792 2998 929 3058 quo
976 2991 1374 3044 consecrata
1418 2982 1506 3045 sit
1551 2984 1758 3045 etiam
1788 2982 2048 3046 incolas
2078 2983 2341 3046 nescire
2368 2982 2572 3044 addit.
2600 3018 2683 3025 -—
2710 2978 2979 3043 XVIII.

793 3114 847 3156 c.
906 3095 980 3156 16
1030 3099 1061 3171 ἓ
1113 3115 1145 3156 2
1198 3097 1346 3178 agit
1391 3098 1478 3161 de
1525 3099 1793 3161 colosso
1840 3100 2083 3161 decem
2128 3100 2509 3162 cubitorum
2549 3098 2619 3159 in
2648 3098 2976 3159 honorem

792 3208 1016 3272 Attali
1061 3211 1149 3272 ab
1196 3211 1733 3277 Atheniensibus
1778 3215 1847 3277 in
1892 3215 2040 3277 foro
2071 3215 2264 3277 iuxta
2292 3213 2693 3296 Apollinem
2721 3211 2948 3294 posito
2967 3259 2981 3283 ,

795 3334 866 3387 et
911 3336 1234 3407 tanquam
1282 3329 1368 3390 de
1414 3348 1487 3392 re
1533 3340 1698 3393 nota
1744 3341 1813 3394 et
1842 3351 2051 3414 saepe
2082 3331 2231 3394 visa
2261 3331 2356 3393 ait
2380 3337 2514 3397 ,τόν
2547 3326 2873 3395 tantamne.
2896 3364 2979 3371 —-

881 3595 922 3678 ¹)
977 3600 1115 3658 Arr.
1168 3599 1340 3658 Tact.
1384 3619 1436 3658 c.
1488 3620 1514 3658 Ι
1561 3599 1866 3683 (Πολύβιος)
1908 3606 1963 3672 ὃς
1997 3609 2085 3664 καὶ
2126 3611 2365 3664 Σκιπίωνι
2401 3614 2472 3679 τῷ
2509 3600 2743 3680 Ῥωμαίῳ
2779 3606 2989 3678 συνεγέ-

786 3724 932 3769 νετο,
981 3703 1203 3767 πολλοὺς
1248 3704 1337 3759 καὶ
1380 3707 1635 3780 μεγάλους
1669 3707 1922 3782 πολέμους
1959 3707 2386 3782 διαπολεμοῦντες
2422 3702 2610 3767 ἄλλους
2644 3726 2697 3775 τε
2735 3703 2823 3757 καὶ
2857 3703 2910 3757 ἐν
2949 3700 2990 3776 ᾧ

789 3800 877 3854 καὶ
916 3800 1239 3876 Καρχηδόνα
1275 3804 1370 3862 τὴν
1408 3804 1458 3857 ἐν
1499 3804 1667 3881 Λιβύῃ
1711 3800 1839 3860 εἷλέν
1875 3827 1930 3860 τε
1967 3808 2057 3860 καὶ
2093 3804 2495 3879 ἠνδραπόδισεν.

825 3895 832 3902 ’
875 3891 926 3974 2)
988 3894 1161 3953 Paus.
1225 3896 1391 3955 VIII.
1461 3915 1536 3972 30
1593 3904 1621 3968 ξ
1677 3918 1716 3971 4
1766 3897 1842 3956 de
1884 3906 2080 3956 statua
2119 3895 2348 3974 Polybii
2389 3895 2752 3974 Megalopoli
2793 3894 2996 3973 posita

794 4011 933 4050 cum
996 3992 1377 4072 inscriptione
1443 4002 1549 4072 ,,ὡς
1600 4002 1684 4058 ἐπὶ
1738 4009 1840 4073 ’γῆν
1897 4002 1983 4056 καὶ
2039 4001 2322 4058 θάλασσαν
2375 4002 2670 4062 πλανηθείη
2693 4044 2707 4069 ,
2767 4001 2855 4056 καὶ
2912 3999 2998 4057 ’ὁτι

793 4100 1144 4174 σύμμαχος
1180 4102 1380 4173 γένοιτο
1416 4091 1710 4174 Ῥωμαίων,
1746 4100 1833 4154 καὶ
1865 4102 2105 4156 παύσειεν
2136 4099 2324 4162 αὐτοὺς
2352 4100 2505 4174 ὀργῆς
2524 4101 2569 4163 ἐς
2589 4091 2994 4158 τὀἙλληνικόν.

793 4191 871 4248 Et
925 4190 1068 4251 ibid.
1126 4193 1323 4269 paullo
1378 4202 1543 4270 post:
1604 4195 1706 4254 ’ὅσα
1759 4196 1850 4272 μὲν
1907 4197 1972 4258 δὴ
2025 4198 2267 4272 Πολυβίῳ
2305 4203 2641 4271 παραινοῦντι
2679 4196 2705 4253 ὃ
2743 4191 3003 4274 Ῥωμαῖος

794 4296 1060 4365 ἐπείθετο,
1100 4298 1147 4360 ἐς
1184 4296 1344 4372 ὀρθὸν
1384 4298 1644 4373 ἐχώρησεν
1680 4298 1843 4370 αὐτῷ·
1887 4296 1922 4351 ἃ
1960 4295 2019 4351 δὲ
2056 4298 2147 4351 οὐκ
2184 4300 2409 4371 ἠκροᾶτο
2446 4295 2812 4366 διδάσκοντος,
2852 4303 3001 4373 γενέ-

795 4399 931 4450 σθαι
968 4396 1015 4450 οἱ
1056 4396 1288 4468 λέγουσιν
1328 4397 1698 4471 ἁμαρτήματα.
