3375 5084
1474 364 1506 440 5'

401 576 670 651 cursum
740 557 902 619 solis
969 558 1332 620 adversum
1400 566 1733 620 astrorum
1804 559 2025 621 cursui
2091 560 2143 639 ¹).
2258 559 2589 641 Polybius

399 681 546 735 rem
590 673 882 750 illustrat
929 673 1250 755 exemplo
1296 675 1726 737 sacerdotum
1758 675 2266 757 Aegyptiorum
2297 684 2369 738 et
2391 674 2588 739 Chal-

400 790 727 851 daeorum
790 798 860 852 et
921 809 1279 872 magorum
1295 838 1309 864 ,
1371 790 1488 870 qui
1548 809 1703 852 cum
1759 791 2092 872 sapientia
2137 791 2558 855 excellerent
2573 841 2588 866 ,

397 925 633 968 omnes
692 906 985 968 honores
1042 915 1113 969 et
1167 905 1707 970 aestimationem
1753 907 1935 971 nacti
1983 917 2209 970 essent
2247 908 2308 989 ²).
2399 908 2589 970 Talis

396 1022 570 1086 ratio
618 1022 893 1089 crimine
938 1023 1235 1086 levitatis
1282 1024 1549 1086 absolvi
1593 1045 1731 1087 non
1777 1033 2033 1106 potest,
2082 1023 2373 1087 affirmat
2409 1025 2590 1088 enim

397 1159 508 1201 res
574 1139 780 1220 plane
838 1140 1131 1203 incertas
1149 1189 1162 1214 ,
1226 1159 1434 1221 saepe
1496 1140 1931 1204 incredibiles
1949 1190 1963 1210 .
2025 1141 2236 1204 omni·
2269 1141 2589 1222 exemplo

400 1266 739 1331 carenteS,
787 1257 980 1338 quasi
1002 1256 1230 1338 ⁸plane
1277 1265 1507 1320 certae
1554 1250 1800 1320 essent.

490 1372 702 1434 Modo
749 1372 1102 1435 statuimus
1147 1372 1514 1454 Polybium
1558 1373 1853 1435 alienum
1899 1373 2105 1436 fuisse
2152 1395 2194 1436 a
2235 1381 2591 1455 poetarum

398 1487 762 1570 elegantia.
838 1487 995 1550 Non
1039 1488 1260 1550 solum
1304 1488 1436 1551 hoc
1483 1498 1770 1569 apparet
1811 1509 1856 1569 ‘e
1902 1487 2155 1571 frigida
2183 1489 2304 1551 illa
2328 1489 2589 1553 ratione

399 1625 533 1685 qua
603 1603 901 1673 carmina
968 1603 1254 1666 Homeri
1320 1604 1804 1684 interpretatur
1818 1653 1832 1679 ,
1903 1624 2079 1685 quae
2147 1615 2289 1668 tam
2348 1625 2588 1686 parum

397 1721 650 1784 tribuat
694 1720 969 1803 ingenio
1018 1730 1089 1783 et
1132 1721 1358 1783 sensui
1403 1721 1710 1802 poetico;
1759 1722 1882 1784 sed
1928 1722 2135 1784 etiam
2172 1743 2211 1785 e
2243 1731 2591 1786 contemtu

400 1836 697 1918 quodam
763 1856 898 1918 quo
966 1837 1309 1918 poeticam
1326 1886 1340 1912 ‚
1410 1838 1714 1919 inprimis
1780 1838 2164 1920 tragediam
2184 1887 2198 1913 ,
2268 1838 2589 1901 historiae

398 1953 699 2035 opponit.
770 1953 1019 2016 Munus
1066 1953 1245 2016 enim
1275 1953 1577 2016 historici
1609 1973 1651 2014 a
1680 1963 1931 2035 poetae
1962 1956 2178 2035 probe
2203 1954 2588 2017 distinxisse

397 2090 534 2132 non
591 2079 947 2133 contentus
965 2119 979 2144 ‚
1043 2070 1165 2131 vix
1224 2069 1380 2132 huic
1435 2069 1646 2131 ullam
1693 2069 2095 2152 dignitatem
2142 2071 2346 2133 etiam
2391 2070 2589 2133 relin-

397 2185 573 2267 quit;
623 2205 708 2248 eo
754 2186 1026 2248 minoris
1071 2186 1271 2267 pretii
1317 2186 1383 2248 ei
1427 2206 1578 2249 esse
1623 2186 1895 2249 videtur
1912 2234 1926 2260 ‚
1974 2205 2109 2266 quo
2155 2186 2377 2269 magis
2415 2186 2588 2249 veri-

397 2312 538 2365 tate
582 2302 905 2384 neglecta
950 2302 1189 2382 specie.
1219 2303 1514 2383 quadam
1545 2311 1970 2383 spectatores
1994 2301 2312 2382 decipere
2335 2303 2588 2377 studet;

398 2438 667 2481 omnem
741 2418 1103 2481 utilitatem
1174 2418 1330 2481 huic
1402 2419 1697 2482 detrahit
1713 2468 1727 2493 ,
1797 2419 2119 2482 historiae
2185 2418 2486 2481 vindicat
2525 2415 2586 2499 ⁸).

396 2534 889 2618 Tragediarum
948 2534 1309 2615 scriptores
1326 2584 1340 2609 ‚
1402 2534 1559 2615 quia
1614 2554 1887 2616 semper
1930 2534 2343 2597 mentiuntur
2359 2583 2374 2608 ,
2420 2534 2589 2596 deos

400 2661 469 2714 et
546 2651 791 2714 heroes
873 2651 1196 2714 inducant
1268 2670 1549 2715 necesse
1619 2658 1724 2713 est
1793 2651 1882 2713 ad
1951 2650 2210 2713 exitum
2278 2658 2587 2731 optatum

401 2766 860 2843 efficiendum;
944 2787 1169 2859 rerum
1255 2776 1602 2850 gestarum
1670 2766 1982 2847 scriptori
2059 2768 2147 2828 ab
2215 2765 2322 2828 his
2386 2765 2589 2848 nugis

399 2884 777 2947 cavendum
840 2893 944 2946 est
980 2881 1043 2964 4).
1135 2883 1358 2945 Multa
1413 2903 1576 2946 vere
1630 2882 1885 2945 iudicat
1927 2881 2257 2964 Polybius
2273 2931 2288 2958 ,
2334 2882 2457 2945 sed
2502 2881 2586 2945 iis

398 2999 659 3063 acerbis
703 2998 987 3063 vocibus
1033 2999 1133 3062 uti
1177 2999 1380 3073 solet,
1421 2999 1664 3080 quibus
1697 3007 2029 3080 appareat
2059 3017 2215 3061 eum
2241 2998 2585 3080 poeticam

395 3117 588 3197 parvi
647 3116 892 3179 facere.
984 3116 1139 3180 Non
1198 3116 1437 3179 iniuria
1480 3115 1769 3179 fortasse
1819 3116 2173 3179 Timaeum
2219 3116 2581 3197 reprehen-

398 3232 494 3294 dit
510 3281 526 3307 ,
612 3232 796 3313 quod
875 3232 932 3294 is
948 3280 962 3306 ,
1031 3232 1150 3294 ubi
1218 3231 1740 3295 Hermocratem
1808 3232 1898 3295 ad
1966 3229 2296 3296 Senatum
2367 3231 2585 3296 Gelae

395 3348 610 3410 verba
666 3346 1029 3411 facientem
1091 3349 1180 3410 de
1239 3367 1412 3429 pace
1472 3347 1729 3410 inducit
1746 3396 1760 3422 ,
1814 3347 1878 3410 ei
1926 3347 2303 3411 orationem
2351 3347 2585 3431 tribuit

394 3465 667 3546 plenam
751 3464 1065 3547 poeticae
1141 3464 1546 3528 laudationis
1612 3464 1821 3546 pacis.
1934 3464 2129 3546 Ipsas
2195 3484 2362 3528 vero
2431 3464 2585 3527 illas

399 3580 767 3644 sententias
825 3580 1132 3663 poeticas
1191 3580 1597 3644 deridiculas
1657 3600 1808 3643 esse
1874 3588 2110 3643 censet
2153 3579 2229 3642 P.
2246 3627 2263 3653 ‚
2308 3589 2385 3643 ut
2430 3599 2584 3677 cum

395 3697 543 3760 aliis
587 3697 796 3760 hanc:
851 3702 1144 3782 ,,πρῶτον
1191 3700 1310 3778 μὲν
1359 3699 1565 3762 οἴεται
1616 3694 1753 3761 δεῖν
1786 3695 2156 3779 (Hermocr.
2183 3688 2290 3777 ap.
2317 3695 2582 3759 Timae-

392 3812 526 3897 um)
586 3814 1095 3898 ἀναμνησθῆναι
1155 3816 1302 3886 τούς
1367 3810 1715 3899 συνέδρους
1766 3811 1933 3878 διότι
1991 3813 2431 3893 κοιμωμένους
2468 3813 2580 3878 τὸν

484 4101 523 4181 ¹)
565 4101 736 4161 Idem
777 4100 896 4160 iam
937 4099 1251 4177 Euripides
1292 4102 1362 4159 fr.
1408 4102 1547 4176 853.

473 4199 524 4281 2)
564 4202 630 4260 P.
675 4201 954 4259 XXXIV.
1001 4219 1052 4258 e.
1100 4220 1131 4257 2
1177 4207 1204 4271 ξ
1248 4202 1282 4257 6
1328 4219 1416 4276 sq.

479 4297 527 4378 3)
567 4301 633 4358 P.
677 4301 754 4358 ΙΙ.
799 4319 853 4358 e.
901 4317 972 4376 57
1018 4305 1046 4370 ξ
1095 4319 1189 4356 10.

479 4397 529 4478 4)
569 4401 635 4457 P.
679 4401 787 4458 III.
833 4419 886 4458 c.
932 4400 1010 4471 48
1053 4405 1080 4469 §
1125 4400 1179 4457 8.
