3375 5084
1824 339 1906 397 54

770 531 890 573 eos
935 512 1287 594 octoginta
1331 512 1542 576 libros
1587 515 1674 576 de
1720 514 1966 595 quibus
2011 513 2291 578 Servius
2321 515 2737 577 mentionem
2760 512 2925 577 facit
2939 562 2955 586 ,

769 647 906 689 non
966 637 1149 691 totos
1202 627 1480 693 fluxisse
1528 651 1567 692 e
1613 631 1866 694 tabula.
1958 631 2088 698 Ac,
2113 631 2404 712 primum
2449 631 2724 712 quidem
2770 631 2958 712 ipsas

768 743 1039 806 tabulas
1097 744 1365 827 ligneas
1422 766 1657 809 omnes
1711 748 1800 809 ad
1846 760 2095 809 annum
2151 770 2172 808 1
2188 768 2266 825 32
2319 755 2756 810 conservatas
2802 765 2955 808 esse

769 858 878 941 (ab
937 859 1126 922 initio
1186 861 1373 923 urbis
1431 861 1568 924 iam
1627 860 1771 925 fere
1824 872 2193 927 sexcentae
2241 872 2478 926 extare
2524 860 2956 942 debuerant),

768 974 904 1037 iam
971 995 1174 1038 nemo
1243 979 1624 1041 contendet.
1717 978 1797 1041 In
1863 979 2050 1042 urbis
2113 979 2424 1042 incendio
2469 979 2600 1041 hae
2646 978 2924 1041 tabulae
2941 1026 2957 1053 ‚

656 1122 669 1131 -
771 1091 828 1154 si
891 1092 1275 1157 extitissent
1291 1142 1306 1169 ,
1366 1094 1572 1157 etiam
1617 1095 1889 1158 deletae
1937 1105 2164 1159 essent
2198 1096 2258 1178 ¹).
2349 1094 2668 1158 Fortasse
2716 1094 2963 1175 aliquis

771 1207 1135 1270 coniecerit
1197 1210 1285 1271 ab
1345 1209 1535 1273 initio
1588 1210 1746 1273 inde
1791 1208 2148 1293 pontifices
2194 1231 2465 1293 quoque
2512 1231 2689 1274 anno
2736 1230 2846 1272 res
2889 1210 2963 1272 in

771 1322 1007 1385 tabula
1073 1324 1360 1406 scriptas
1378 1374 1392 1401 ,
1454 1336 1818 1407 antequam
1882 1347 2036 1390 eam
2092 1328 2162 1390 in
2207 1327 2540 1390 tablinum
2588 1328 2960 1390 conderent

771 1438 885 1501 vel
931 1439 1240 1503 delerent
1256 1489 1271 1516 ,
1319 1442 1569 1512 chartis
1613 1443 2043 1506 mandavisse
2089 1444 2370 1526 (annuos
2401 1442 2921 1506 commentarios
2941 1491 2957 1522 ‚

772 1553 867 1617 ait
910 1551 1208 1637 Servius)
1255 1566 1324 1620 et
1369 1577 1462 1620 ex
1504 1557 1611 1621 his
1657 1559 1907 1622 chartis
1951 1559 2166 1622 multo
2212 1569 2370 1640 post
2415 1559 2725 1622 collectis
2772 1567 2842 1620 et
2885 1558 2959 1620 in

772 1668 996 1732 lucem
1043 1671 1241 1734 editis
1286 1674 1565 1736 annales
1610 1675 1946 1737 maximos
1993 1673 2339 1738 confectos
2387 1695 2554 1738 esse.
2636 1672 2821 1737 Sane
2839 1723 2855 1747 ,
2902 1674 2963 1736 si

771 1806 1009 1849 verum
1055 1797 1159 1851 est
1203 1789 1481 1853 annales
1526 1791 1864 1854 maximos
1911 1791 2243 1875 originem
2288 1791 2574 1855 traxisse
2621 1812 2661 1854 e
2691 1791 2930 1854 tabula
2946 1839 2962 1863 ,

772 1911 1145 1966 statuamus
1203 1924 1483 1969 necesse
1545 1917 1650 1971 est
1709 1927 1853 1970 rem
1914 1908 2010 1970 ita
2065 1906 2315 1971 factam
2373 1927 2541 1970 esse.
2634 1905 2777 1970 Sed
2823 1906 2961 1968 alia

774 2019 1065 2083 obstant.
1252 2086 1255 2091 ⁴

865 2133 1147 2199 Constat
1208 2137 1385 2200 enim
1405 2186 1419 2213 ,
1482 2139 1644 2202 solis
1708 2139 2125 2203 defectiones
2177 2141 2247 2203 in
2292 2141 2529 2203 tabula
2574 2160 2711 2202 non
2755 2137 2965 2219 fuisse

775 2252 1149 2335 adscriptas
1209 2263 1367 2317 ante
1421 2275 1669 2318 annum
1717 2278 1864 2334 400.
1914 2256 2049 2320 Cic.
2096 2258 2183 2320 de
2230 2256 2410 2338 Rep.
2456 2256 2507 2319 I.
2565 2261 2662 2318 16.
2716 2275 2792 2333 25
2852 2255 2963 2337 „id

776 2377 1004 2431 autem
1015 2368 1064 2444 ,''
1093 2368 1308 2451 inquit
1324 2419 1338 2446 ,
1378 2381 1657 2452 „postea
1685 2392 1773 2435 ne
1803 2382 2106 2435 nostrum
2138 2372 2411 2455 quidem
2442 2372 2734 2434 Ennium
2765 2370 2962 2453 fugit,

775 2484 890 2565 qui
943 2494 1017 2547 ut
1061 2485 1321 2562 scribit,
1369 2508 1544 2550 anno
1591 2489 2156 2571 quinquagesimo
2204 2488 2374 2553 CCC
2418 2487 2560 2551 fere
2607 2497 2765 2569 post
2810 2487 2962 2549 Ro-

773 2620 955 2663 mam
1024 2602 1363 2666 conditam
1431 2602 1655 2667 Nonis
1719 2603 1919 2668 Iunzls
1979 2603 2112 2668 soli
2149 2604 2357 2668 Luna
2403 2602 2654 2667 obstitit
2696 2607 2766 2666 et
2803 2622 2964 2665 nox.

775 2716 1009 2797 Atque
1075 2718 1206 2781 hac
1272 2719 1342 2781 in
1411 2739 1484 2782 re
1545 2730 1737 2783 tanta
1797 2721 1972 2783 inest
2025 2721 2197 2784 ratio
2253 2731 2459 2802 atque
2504 2720 2809 2782 sollertia
2826 2767 2839 2793 ‚
2887 2728 2967 2782 ut

777 2852 868 2894 ex
926 2833 1058 2895 hoc
1105 2833 1216 2896 die
1233 2883 1252 2913 ,
1301 2855 1506 2917 quem
1551 2837 1735 2916 apud
1780 2836 2070 2899 Ennium
2119 2847 2188 2900 et
2233 2837 2303 2899 in
2347 2835 2661 2899 maximis
2709 2834 2968 2896 annali-

773 2948 903 3010 bus
963 2949 1437 3032 consignatum
1498 2951 1809 3015 videmus
1824 3001 1839 3027 ,
1901 2953 2283 3034 superiores
2328 2953 2493 3016 solis
2537 2950 2964 3014 defectiones

867 3258 908 3340 ¹)
948 3259 1149 3320 Livius
1191 3281 1290 3322 eas
1332 3272 1475 3323 tunc
1514 3263 1736 3341 perisse
1779 3266 2013 3325 tradere
2055 3263 2291 3324 videtur
2331 3263 2460 3345 (VI.
2505 3284 2558 3324 c.
2610 3285 2635 3325 1
2682 3272 2711 3336 ξ
2755 3284 2786 3322 2
2824 3263 2974 3343 sq.):

774 3369 1201 3433 „resvetustate
1241 3358 1422 3420 nimia
1462 3364 1746 3423 obscuras
1787 3398 1867 3406 —
1908 3399 1987 3408 —
2031 3365 2215 3439 quod,
2258 3361 2488 3423 etiamsi
2532 3381 2687 3440 quae
2723 3362 2785 3421 in
2809 3381 2977 3421 com-

770 3457 1070 3517 mentariis
1130 3459 1478 3536 pontificum
1533 3460 1778 3538 aliisque
1834 3460 2084 3539 publicis
2147 3461 2508 3539 privatisque
2551 3471 2718 3521 erant
2759 3481 2978 3522 monu-

771 3556 984 3616 mentis
1002 3603 1018 3631 ,
1088 3556 1329 3618 incensa
1397 3560 1544 3620 urbe
1613 3560 1895 3637 pleraque
1963 3560 2296 3620 interiere.”
2401 3559 2575 3620 Multi
2635 3560 2743 3619 viri
2806 3560 2979 3619 docti

774 3666 1017 3715 censent
1034 3702 1050 3730 ,
1112 3656 1338 3734 aliquot
1397 3678 1491 3718 res
1555 3677 1588 3717 e
1649 3657 1856 3735 primis
1918 3657 2276 3735 reipublicae
2333 3659 2544 3718 seculis
2600 3678 2740 3718 vere
2800 3658 2985 3718 nobis

775 3753 1023 3814 traditas
1080 3774 1204 3815 esse
1220 3802 1235 3830 ,
1280 3757 1385 3816 sed
1424 3756 1486 3815 in
1528 3757 1874 3817 auctoribus
1914 3758 2125 3816 harum
2169 3755 2552 3818 traditionem
2596 3756 2982 3823 dissentiunt.

773 3850 1038 3912 Niebuhr
1095 3863 1155 3913 et
1208 3853 1541 3931 Schwegler
1584 3864 1851 3914 statuunt
1892 3873 1991 3914 eas
2033 3864 2292 3914 servatas
2334 3874 2461 3915 esse
2504 3854 2745 3934 singulis
2787 3874 2980 3914 anna-

773 3950 925 4010 libus
967 3961 1026 4009 et
1067 3950 1507 4011 commentariis
1550 3950 1880 4030 gentiliciis.
1943 3952 2274 4030 Schwegler
2316 3954 2393 4012 R.
2439 3954 2514 4013 G.
2558 3956 2635 4012 II.
2681 3975 2742 4031 p.
2789 3975 2821 4013 2
2858 3974 2985 4032 sq.:

776 4049 990 4123 „Wohl
1049 4051 1192 4110 aber
1254 4050 1478 4109 scheint
1532 4050 1698 4114 nicht
1750 4052 1924 4128 lange
1979 4053 2198 4110 darauf
2228 4050 2389 4132 (post
2431 4053 2826 4133 Porsennam)
2870 4055 2989 4114 der

773 4147 1013 4224 Anfang
1071 4146 1181 4206 mit
1247 4146 1632 4209 historischen
1704 4149 2227 4228 Aufzeichnungen
2295 4152 2573 4227 gemacht
2642 4172 2716 4210 zu
2785 4152 2984 4214 sein.”

776 4245 1129 4305 Mommsen
1170 4255 1370 4305 censet
1425 4266 1524 4306 eas
1579 4266 1720 4306 cum
1762 4246 1923 4307 fastis
1965 4248 2295 4325 capitolinis
2337 4248 2789 4328 coniungendas
2835 4272 2995 4314 esse.

775 4342 902 4402 Cfr.
944 4341 1174 4403 Nitzch.
1218 4345 1394 4405 Rom.
1440 4347 1598 4404 Ann.
1640 4365 1701 4422 p.
1749 4365 1882 4420 204.
