3375 5084
1512 358 1585 415 19

453 530 803 612 opiniones
849 548 1279 610 comparans;
1328 549 1370 591 a
1416 529 1808 611 cognitione
1854 530 2036 592 vitae
2069 540 2140 593 et
2168 532 2392 593 rerum
2416 532 2625 614 longe

451 648 688 708 aberat
738 643 794 727 ¹).
903 643 1045 708 Sed
1105 645 1313 708 etiam
1328 693 1342 720 ,
1405 645 1620 726 inquit
1635 694 1650 719 ‚
1709 646 1882 708 haec
1929 646 2212 709 scientia
2255 649 2633 711 umbratilis

451 762 801 825 scribendi·
836 761 981 824 eius
1016 761 1262 824 rationi
1291 780 1529 842 parum
1559 760 1836 842 profuit3
1871 783 2024 824 cum
2048 762 2638 845 diligentissimum

451 899 524 940 se
586 898 735 941 esse
790 875 1222 959 profiteretur
1265 877 1334 939 in
1380 877 1768 940 ordinandis
1814 878 2233 959 temporibus
2248 927 2262 954 ,
2310 879 2379 940 in
2425 880 2637 961 inqui-

449 995 673 1057 rendis
754 994 967 1057 titulis
1043 1003 1113 1056 et
1184 993 1731 1075 inscriptionibus
1749 1042 1763 1069 ,
1835 1014 1970 1076 qua
2035 994 2105 1056 in
2172 1013 2246 1057 re
2317 1014 2640 1077 magnam

449 1110 698 1174 famam
779 1120 1019 1174 nactus
1067 1120 1210 1173 est
1264 1110 1307 1191 2)
1326 1159 1340 1185 ‚
1417 1111 1503 1172 de
1566 1110 1831 1193 origine
1893 1108 2268 1174 Locrorum
2338 1111 2640 1175 scribens

447 1226 741 1291 foederis
787 1237 857 1290 et
904 1226 1079 1310 legis
1126 1226 1479 1308 exemplar
1524 1247 1597 1289 se
1644 1227 1895 1290 vidisse
1942 1227 2262 1289 mentitus
2310 1237 2414 1290 est
2458 1228 2642 1310 quod

447 1363 788 1426 nunquam
836 1343 1077 1406 extitit.
1146 1330 1388 1425 Itaque
1435 1351 1506 1406 et
1550 1342 1800 1405 invitus
1847 1343 2183 1425 decipitur
2215 1363 2369 1406 cum
2403 1363 2640 1406 verum

448 1480 490 1522 a
555 1459 728 1522 falso
797 1459 1179 1522 discernere
1246 1479 1383 1520 non
1440 1459 1656 1540 possit
1695 1456 1769 1540 ³),
1834 1468 1904 1521 et
1965 1458 2277 1522 consulto
2347 1460 2639 1523 lectores

447 1574 699 1656 decipit
736 1573 797 1656 ⁴).
888 1574 1115 1637 Etiam
1160 1595 1336 1657 quae
1381 1574 1529 1656 ipse
1575 1576 1780 1637 rebus
1825 1575 2090 1637 traditis
2138 1575 2447 1658 adiungit
2463 1624 2478 1649 ‚
2522 1595 2638 1637 ex-

447 1712 678 1754 cursus
694 1740 708 1766 ,
771 1692 1110 1755 orationes
1125 1740 1139 1766 ‚
1198 1690 1486 1774 frigidae
1534 1691 1988 1754 cavillationis
2026 1690 2070 1773 ⁵)
2118 1700 2188 1754 et
2206 1707 2215 1716 ·
2231 1692 2638 1774 ineptiarum

444 1806 690 1888 plenae
736 1816 892 1869 sunt
924 1805 986 1889 ⁶).
1660 1812 1664 1815 *

533 1921 714 1985 Fieri
759 1942 896 1984 non
941 1931 1171 2002 potest
1216 1922 1378 2004 quin
1425 1922 1511 1984 de
1559 1922 1824 1984 Timaei
1870 1922 2275 1985 auctoritate
2315 1922 2636 1986 iudicium

356 2118 361 2123 ἱ
444 2037 740 2101 feramus
799 2058 936 2100 non
996 2038 1286 2101 multum
1335 2058 1378 2100 a
1424 2038 1702 2120 Polybii
1747 2040 2093 2101 recedens,
2184 2038 2361 2101 Nam
2408 2059 2638 2121 quam-

447 2175 653 2237 quam
699 2175 791 2217 ex
834 2154 999 2236 ipsis
1043 2154 1317 2236 Polybii
1362 2154 1590 2216 verbis
1638 2154 1866 2218 elucet
1911 2155 2153 2236 quibus
2183 2155 2253 2216 in
2282 2155 2637 2217 Timaeum

443 2270 784 2333 invehitur
831 2291 987 2333 eum
1034 2290 1170 2332 non
1216 2270 1360 2333 sine
1408 2270 1633 2333 studio
1682 2280 1753 2333 et
1797 2270 1898 2332 ira
1944 2269 2408 2334 accumulasse
2449 2270 2638 2352 quid-

444 2386 606 2468 quid
664 2386 1022 2469 indignum
1081 2386 1151 2448 in
1196 2405 1419 2448 rerum
1466 2386 1797 2467 scriptore
1844 2386 2061 2449 videri
2106 2395 2369 2467 posset,
2415 2406 2636 2467 neque

444 2502 619 2564 iusto
666 2502 886 2584 pretio
933 2522 1089 2565 eum
1136 2501 1604 2564 aestimavisse
1652 2502 2030 2564 doctrinam
2060 2501 2324 2564 Timaei
2356 2501 2635 2582 eiusque

443 2618 866 2700 diligentiam
927 2618 996 2693 in
1059 2617 1533 2699 comparandis
1588 2617 1979 2681 auctoribus
1996 2666 2011 2691 ‚
2059 2626 2289 2680 tamen
2336 2616 2637 2679 ubicum-

443 2754 574 2816 que
643 2734 972 2816 Polybius
1039 2754 1150 2797 res
1218 2734 1401 2815 ipsas
1472 2733 1757 2815 exponit
1827 2742 1897 2795 et
1965 2732 2371 2796 contrariam
2444 2752 2636 2794 suam

443 2849 830 2931 opinionem
874 2850 1103 2931 prodit
1119 2898 1133 2925 ,
1180 2850 1425 2931 peritia
1471 2859 1542 2912 et
1571 2849 1856 2913 scientia
1886 2848 2094 2931 longe
2127 2849 2191 2912 ei
2219 2849 2633 2930 praecedere

442 2976 730 3048 apparet
792 2966 1158 3048 Polybium
1175 3014 1189 3041 ‚
1238 2976 1308 3029 et
1352 2967 1709 3029 Timaeum
1756 2966 2115 3029 veritatem
2160 2984 2400 3046 parum
2445 2985 2635 3027 cura-

439 3084 639 3146 visse.
730 3083 811 3145 In
854 3083 935 3145 iis
982 3104 1158 3165 quae
1204 3083 1545 3165 pertinent
1589 3084 1679 3145 ad
1725 3082 2249 3164 descriptionem
2273 3080 2552 3145 Africae
2572 3079 2633 3163 ⁷),

442 3199 759 3263 Corsicae
802 3199 847 3280 8)
864 3249 878 3275 ,
950 3198 1303 3263 Sardiniae
1337 3199 1382 3281 ⁹)
1400 3249 1414 3275 ‚
1483 3200 1727 3263 Italiae
1795 3199 2123 3281 imprimis
2163 3194 2240 3280 ¹⁰)
2257 3248 2271 3274 ‚
2340 3199 2633 3281 Polybio

525 3382 569 3464 ¹)
611 3385 746 3443 XII.
795 3386 904 3461 25d
944 3392 972 3456 ξ
1020 3404 1082 3458 13
1132 3396 1274 3462 258,
1323 3402 1394 3459 27
1446 3403 1532 3460 sq.

519 3481 570 3563 2)
610 3485 747 3542 XII.
798 3503 869 3541 10
920 3490 948 3554 ξ
992 3504 1048 3556 4.

523 3579 570 3662 3)
609 3583 746 3641 XII.
795 3603 872 3655 24
913 3590 941 3654 5
985 3586 1040 3641 6.

498 4275 569 4357 ¹⁰)
608 4279 745 4336 XII.
788 4292 853 4350 40
889 4285 917 4349 ξ
960 4296 1027 4353 3,
1072 4278 1148 4335 Π.
1199 4280 1269 4335 16
1313 4284 1341 4348 5
1383 4294 1437 4355 5.
1504 4278 1598 4336 De
1640 4278 2051 4337 Romanorum
2096 4272 2320 4352 origine
2356 4272 2417 4331 in
2447 4273 2630 4333 sacris

435 4378 814 4454 agnoscenda
856 4378 993 4437 XII.
1038 4378 1109 4448 4b
1152 4394 1238 4451 sq.
