3375 5084
1822 309 1940 367 126

784 510 1014 581 potaet
1027 548 1043 572 ‚
1104 520 1240 562 non
1298 501 1482 582 quod
1535 499 1762 561 omnia
1805 499 2079 579 incepta
2124 499 2191 560 ei
2233 517 2559 579 prospere
2606 495 2939 559 cesserint
2958 545 2973 569 ,

785 617 907 678 sed
965 617 1149 696 quod
1207 634 1538 696 nusquam
1595 615 1745 677 acie
1797 615 2019 676 victus
2064 613 2440 676 exercitum
2484 631 2754 693 semper
2795 612 2972 673 inte-

784 752 986 814 grum
1053 731 1449 806 „intactum”
1513 731 1815 793 servavit
1860 730 1912 811 ¹).
2002 728 2121 791 Ad
2176 749 2286 792 res
2330 729 2637 811 singulas
2682 747 2978 810 cognos-

785 849 1039 911 cendas
1083 847 1317 909 Livius
1360 848 1559 909 nobis
1603 846 1788 909 utilis
1832 855 1905 908 et
1944 845 2231 909 fortasse
2276 846 2442 908 satis
2484 843 2659 907 fidus
2701 852 2974 916 auctor;

787 965 909 1026 sed
954 983 1109 1026 cum
1155 963 1415 1044 aliquot
1456 982 1776 1025 numeros
1819 982 2173 1025 caesorum
2218 973 2288 1024 et
2318 971 2671 1043 captorum
2706 968 2978 1023 constet

784 1090 1028 1160 postea
1071 1080 1347 1142 demum
1392 1088 1551 1160 post
1593 1079 1961 1160 Polybium
2005 1080 2094 1141 ab
2141 1078 2482 1140 annalium
2527 1076 2975 1158 scriptoribus

783 1193 980 1258 fictos
1042 1215 1192 1257 &sse
1209 1243 1224 1269 ‚
1285 1206 1361 1257 ut
1423 1215 1507 1257 eo
1564 1195 1813 1258 clarius
1866 1205 2227 1276 appareret
2271 1194 2628 1256 Romanos
2672 1193 2973 1254 victores

784 1309 990 1373 fuisse
1008 1358 1023 1385 ‚
1094 1311 1181 1373 de
1249 1311 1476 1373 multis
1543 1310 1842 1373 numeris
1910 1309 2087 1372 Livii
2146 1319 2461 1373 auctores
2526 1310 2976 1371 vehementer

784 1427 1183 1490 dissentiant
1196 1476 1212 1502 ,
1257 1427 1339 1490 iis
1385 1427 1656 1490 omnino
1701 1425 1871 1489 fides
1916 1428 2324 1509 deneganda
2368 1436 2492 1489 est.

873 1542 985 1605 De
1030 1544 1233 1606 rebus
1283 1564 1314 1605 2
1333 1565 1354 1605 1
1377 1564 1627 1622 1—2o3
1677 1544 1767 1605 ab
1812 1543 2201 1606 Hannibale
2247 1513 2668 1626 gestisquae
2700 1539 2973 1621 scripsit

786 1658 1116 1740 Polybius
1161 1679 1298 1722 non
1344 1660 1571 1722 omnia
1614 1669 2007 1741 supersunt;
2055 1661 2144 1722 ad
2189 1679 2439 1721 annum
2475 1680 2507 1721 2
2524 1681 2545 1719 1
2568 1680 2591 1719 1
2632 1655 2975 1720 enarravit

788 1773 1209 1837 obsidionem
1272 1774 1547 1856 Capuae
1564 1824 1580 1850 ,
1641 1776 1733 1837 ad
1787 1796 1847 1837 a.
1913 1781 2036 1838 208
2091 1775 2407 1856 exposuit
2452 1783 2741 1836 mortem
2786 1772 2974 1834 Mar-

790 1890 947 1952 celli
993 1901 1063 1954 et
1108 1911 1283 1974 quae
1331 1892 1653 1973 deinceps
1701 1901 1856 1954 acta
1900 1902 2054 1955 sunt
2071 1940 2085 1965 ‚
2131 1892 2365 1953 dolum
2406 1889 2796 1952 frustratum
2835 1907 2973 1969 quo

789 2002 1137 2087 Salapiam
1193 2027 1441 2088 capere
1496 2017 1780 2070 conatus
1824 2017 1945 2070 est.
2035 2007 2403 2071 Praeterea
2447 2006 2536 2067 ad
2581 2024 2792 2067 annos
2840 2024 2872 2064 2
2890 2025 2915 2064 1
2939 2024 2962 2063 1

787 2121 934 2203 (IX.
1002 2122 1312 2203 22—26)‚
1382 2128 1505 2185 208
1568 2123 1682 2206 (X.
1746 2144 1800 2186 c.
1867 2144 1948 2201 33
2012 2127 2043 2198 5
2114 2121 2299 2204 1—0)
2367 2126 2492 2184 206
2557 2120 2704 2203 (XL
2761 2139 2815 2182 0.
2872 2117 2976 2199 19)

789 2257 965 2318 quae
1009 2238 1278 2319 scripsit
1324 2239 1653 2321 Polybius
1698 2240 1785 2301 de
1830 2239 2105 2321 ingenio
2150 2237 2556 2300 Hannibalis
2593 2243 2972 2317 supersunt.

790 2351 901 2415 Ex
966 2375 1049 2417 eo
1116 2356 1273 2418 loco
1343 2354 1470 2418 XI.
1541 2377 1617 2434 19
1680 2361 1712 2432 ἓ
1776 2377 1812 2433 3
1876 2365 2159 2436 apparet
2212 2356 2302 2416 ad
2362 2373 2573 2416 annos
2623 2356 2970 2428 206—203

791 2489 948 2532 eum
1006 2490 1142 2532 non
1196 2471 1593 2552 apposuisse
1638 2491 1750 2534 res
1795 2472 1884 2533 ab
1929 2470 2316 2532 Hannibale
2362 2470 2431 2532 in
2474 2469 2675 2531 Italia
2719 2478 2973 2551 gestas.

790 2584 976 2649 Dicit
1044 2586 1223 2648 0111111
1282 2586 1391 2668 (ad
1452 2607 1510 2649 a.
1578 2586 1756 2669 206):
1819 2584 2156 2671 Ἀννίβας
2215 2584 2563 2651 ἑκκαίδεκα
2611 2581 2973 2666 πολεμήσας

794 2704 906 2787 ἔτη
971 2708 1139 2767 κατὰ
1203 2709 1320 2787 τὴν
1385 2702 1688 2770 Ἰταλίαν
1754 2704 1959 2786 (quod
2016 2703 2306 2766 mutavit
2360 2723 2451 2765 ex
2495 2703 2737 2764 eodem
2781 2699 2973 2762 fonte

793 2837 929 2900 quo
996 2818 1230 2882 Livius
1298 2818 1625 2881 XXVIII
1687 2841 1742 2883 c.
1815 2842 1836 2881 1
1854 2841 1886 2881 2
1959 2840 2122 2901 „per
2179 2839 2391 2881 annos
2444 2815 2819 2897 tredecim'')
2836 2864 2850 2890 ‚
2900 2826 2973 2877 et

796 2936 952 2997 ideo
1011 2955 1364 2998 numerum
1426 2956 1752 2998 annorum
1811 2937 2098 2999 mutavit
2143 2937 2327 3018 quod
2373 2937 2460 2997 de
2505 2934 2697 2996 annis
2743 2933 2975 2994 subse-

795 3050 1152 3130 quentibus
1213 3052 1578 3135 diligenter
1637 3062 1908 3119 acturus
1967 3072 2104 3114 non
2165 3061 2325 3114 erat.
2418 3048 2560 3114 Sed
2614 3049 2818 3112 etiam
2862 3067 2974 3109 res

795 3166 1214 3245 superiorum
1260 3188 1584 3231 annorum
1634 3190 1665 3229 2
1684 3190 1706 3230 1
1729 3172 1982 3230 1-—206
2028 3167 2223 3230 brevi
2268 3166 2642 3229 absolvisse
2673 3165 2973 3237 videtur,

797 3282 980 3361 quod
1039 3282 1174 3344 iam
1235 3294 1518 3365 apparet
1587 3286 1676 3346 ad
1727 3305 1852 3363 209
1900 3283 2045 3367 (IX.
2094 3304 2149 3346 c.
2199 3305 2234 3361 3
2285 3283 2466 3371 sqq.).
2496 3300 2597 3326 '—
2647 3279 2840 3362 Quae
2888 3280 2976 3341 de

881 3549 926 3632 ¹)
968 3551 1041 3610 Id
1081 3562 1198 3611 est:
1243 3559 1391 3616 οὐδὲν
1430 3558 1704 3634 ὁλοσχερὲς
1737 3557 1931 3617 ἔπαθε.
2014 3555 2172 3613 Ν3111
2210 3555 2327 3612 hoc
2366 3551 2619 3612 voluisse
2659 3548 2976 3627 Polybium

789 3669 939 3711 voce
980 3658 1236 3720 ἀήττητος
1277 3653 1433 3714 01310
1473 3664 1723 3730 apparet
1764 3654 1868 3712 IX.
1917 3671 1946 3729 7
1964 3699 1978 3728 ,
2023 3651 2124 3714 ubi
2160 3662 2363 3712 narrat
2393 3650 2795 3712 Hannibalem
2817 3658 2981 3707 trans

798 3748 1084 3811 Anienem
1138 3750 1341 3829 copias
1396 3752 1717 3813 ducentem
1770 3752 2014 3812 adortos
2064 3771 2191 3812 esse
2238 3753 2510 3812 consules
2551 3748 2877 3828 Sulpicium
2919 3756 2979 3808 et

791 3849 1095 3911 Fulvium:
1148 3850 1397 3933 ,Ῥωμαῖοι
1450 3858 1647 3918 πολλὴν
1697 3838 1946 3933 παρεῖχον
1996 3857 2385 3933 δυσχρηστίαν,
2437 3855 2706 3930 ὁλοσχερὲς
2748 3854 2840 3928 μὲν
2890 3850 2980 3910 οὖν

797 3955 943 4012 οὐδὲν
993 3956 1237 4013 ἐδύναντο
1280 3958 1479 4031 πρᾶξαι
1528 3956 1618 4011 διὰ
1664 3955 1724 4011 τὸ
1772 3957 1979 4018 πλῆθος
2023 3964 2123 4010 τῶν
2162 3956 2354 4011 ἱππέων
2393 3955 2480 4009 καὶ
2517 3956 2611 4013 τὴν
2648 3952 2773 4027 πρὸς
2807 3956 2985 4008 πάντα

796 4053 952 4109 τόπον
1001 4055 1316 4130 εὐχρηστίαν
1353 4061 1452 4108 τῶν
1491 4052 1771 4127 Νομάδων·
1812 4061 1900 4115 τῆς
1936 4051 1995 4108 δὲ
2031 4051 2167 4115 λείας
2204 4052 2376 4107 ἱκανόν
2413 4073 2464 4106 τι
2499 4054 2648 4126 μέρος
2682 4050 2986 4125 ἀφελόμενοι

797 4156 884 4208 καὶ
929 4152 1076 4227 περὶ
1124 4154 1529 4227 τριακοσίους
1577 4149 1955 4225 ἀποβαλόντες
1995 4158 2094 4205 τῶν
2132 4149 2388 4223 πολεμίων
2424 4149 2539 4204 τότε
2575 4149 2664 4224 μὲν
2702 4150 2986 4224 ἀπεχώρη-

801 4272 896 4306 σαν
943 4249 1069 4324 πρὸς
1112 4253 1207 4311 τὴν
1255 4250 1610 4328 παρεμβολὴν.
1695 4241 1791 4302 Sic
1840 4242 2020 4303 etiam
2060 4263 2114 4302 0.
2163 4261 2269 4304 101
2315 4250 2344 4315 ς
2389 4260 2419 4319 7
2464 4242 2686 4323 (Hann.
2729 4253 2791 4302 et
2828 4243 2983 4304 Fab.

801 4344 880 4404 ad
921 4343 1249 4404 Gerunium
1290 4363 1343 4404 3.
1391 4343 1531 4425 216)
1571 4354 1630 4404 et
1671 4343 1826 4404 alibi.
