3375 5084
1423 366 1535 406 101

386 539 558 601 illud
633 559 825 613 „cum
887 558 1093 620 saepe
1155 538 1397 600 alias''?
1472 538 1624 601 Res
1669 539 1802 602 hoc
1847 540 2085 615 modo,
2133 541 2374 621 opinor
2395 590 2409 615 ,
2456 562 2574 604 ex-

382 654 706 736 plicanda
752 663 871 716 est.
963 653 1329 717 Veterrimi
1374 653 1598 718 fontes
1644 675 1869 717 rerum
1915 655 2404 732 Romanarum,
2439 677 2575 719 non

382 770 750 852 scriptores
811 769 966 833 dico
1034 779 1112 833 ut
1169 770 1457 834 Fabium
1520 771 1694 834 alios
1710 819 1725 846 ,
1783 771 1907 834 sed
1960 771 2024 834 ei
2070 773 2348 835 annales
2394 774 2573 836 unde

379 886 451 948 hi
524 885 987 969 cognitionem
1055 906 1280 948 rerum
1348 885 1724 969 priscarum
1791 886 2259 950 Romanarum
2326 888 2575 970 partim

380 1004 758 1066 hauserunt
773 1051 788 1078 ,
851 1011 922 1065 et
983 1022 1273 1084 quorum
1334 1003 1523 1066 initia
1577 1023 1784 1085 supra
1828 1003 2177 1086 tetigimus
2214 1003 2284 1085 ¹),
2330 1006 2577 1067 breves

382 1120 646 1181 dabant
690 1119 801 1180 'ad
871 1119 1177 1201 singulos
1239 1138 1452 1182 annos
1514 1119 1990 1182 adnotationes
2044 1120 2289 1201 quibus
2340 1120 2576 1201 paucis

377 1234 613 1297 verbis
669 1254 814 1296 rem
861 1234 1161 1316 aliquam
1206 1235 1599 1317 graviorem
1645 1235 2237 1316 amplectebantur
2274 1234 2335 1316 ²).
2426 1235 2576 1299 Has

378 1351 630 1412 breves
688 1349 1161 1413 adnotationes
1206 1360 1478 1416 veteres
1524 1351 1868 1413 annalium
1914 1351 2280 1433 scriptores
2324 1360 2401 1414 ut
2444 1351 2501 1413 F
2505 1372 2572 1414 a·

374 1465 535 1528 bius
596 1486 734 1530 non
795 1467 1018 1529 solum
1078 1466 1147 1529 in
1207 1467 1417 1530 libros
1475 1487 1635 1532 suos
1691 1468 2151 1550 collegerunt,
2194 1469 2322 1531 sed
2367 1468 2573 1531 etiam

374 1582 877 1646 narrationibus
894 1632 907 1658 ‚
978 1564 1172 1665 quae·
1222 1584 1359 1646 iam
1427 1584 1543 1646 diu
1610 1593 1774 1648 tunc
1845 1584 2178 1648 conflatae
2253 1594 2444 1648 erant
2506 1595 2573 1648 et

373 1698 699 1781 populari
744 1698 1106 1763 traditione
1152 1699 1268 1763 vel
1313 1699 1640 1763 memoria
1685 1700 2039 1783 gentilicia
2077 1702 2574 1764 conservaban-

370 1824 489 1878 tur
543 1816 660 1877 eas
722 1824 1062 1878 auxerunt
1122 1824 1192 1878 et
1253 1816 1446 1897 quasi
1493 1814 2070 1879 circumfuderunt
2116 1813 2177 1898 ³).
2254 1815 2424 1879 'Hoc
2469 1825 2575 1879 est

370 1930 549 1993 illud
592 1927 888 2012 μύθωδες
937 1950 1071 2012 quo
1117 1940 1193 1994 ut
1236 1931 1609 2014 Dionysius
1638 1932 1846 2017 tradit
1877 1931 2184 1994 nonnulli
2209 1931 2572 2014 scriptores

365 2047 573 2110 nimis
639 2048 1057 2111 inclinabant
1117 2047 1186 2131 (I.
1255 2047 1389 2129 79),
1454 2050 1640 2129 quod
1708 2048 1906 2112 alteri
1950 2049 2189 2132 generi
2236 2048 2574 2112 scribendi

363 2164 697 2245 opponit,
744 2172 833 2248 τῷ
883 2171 964 2246 τῇ
1010 2160 1295 2247 ἀληθείᾳ
1346 2165 1607 2229 ἐοικότι,
1681 2163 1935 2227 Mirum
1978 2184 2117 2227 non
2161 2174 2266 2227 est
2302 2163 2573 2226 Livium

367 2280 448 2343 id
524 2280 732 2343 etiam
805 2280 1048 2345 fecisse
1126 2290 1197 2344 et
1273 2301 1426 2344 cum
1497 2281 1567 2344 in
1634 2281 2133 2345 narrationibus
2201 2281 2572 2344 maximam

371 2396 723 2460 licentiam
779 2397 908 2460 sibi
955 2398 1363 2461 concederet
1377 2445 1392 2473 ,
1440 2398 1528 2485 de
1572 2396 1708 2460 illis
1752 2397 2078 2460 brevibus
2124 2397 2570 2460 adnotationi-

370 2515 506 2575 bus
558 2513 920 2594 nunquam'
950 2514 1298 2577 dubitasse
1344 2532 1568 2576 annon
1613 2532 1820 2576 verae
1868 2522 2094 2577 essent
2107 2562 2121 2588 ,
2168 2513 2572 2594 praesertim

371 2649 533 2691 cum
602 2628 762 2691 illae
823 2631 1008 2711 apud
1066 2630 1479 2693 recentiores
1539 2631 1979 2712 perturbatae
2026 2630 2425 2711 legerentur
2440 2677 2455 2704 ,
2501 2629 2571 2690 in

368 2745 481 2808 his
550 2746 964 2828 antiquiores
1035 2748 1315 2810 annales
1384 2747 1836 2810 concinerent.
1936 2746 2177 2827 Itaque
2240 2746 2331 2809 ad
2390 2746 2569 2808 hunc

355 2881 628 2924 ,annum
644 2910 657 2937 ,
729 2871 809 2925 ut
876 2863 1011 2925 iam
1072 2883 1281 2946 saepe
1344 2862 1513 2927 alias
1571 2864 1766 2926 breui
1827 2863 2227 2926 adnotatum
2287 2862 2571 2943 legebat

376 2976 668 3053 „Gallici
724 2980 1065 3043 'turnultus
1124 2980 1534 3062 praecipuus
1601 2988 1819 3043 terror
1887 2976 2234 3043 civitatem
2301 2976 2568 3040 tenuit.'’

463 3282 510 3364 ¹)
548 3282 686 3344 Vid.
732 3303 892 3362 supr.
935 3304 994 3362 p.
1040 3287 1119 3359 64
1161 3304 1246 3362 sq.

454 3382 504 3464 2)
547 3383 667 3443 Cfr.
714 3382 1047 3463 Schwegler
1085 3385 1165 3447 11.
1205 3405 1270 3462 p.
1315 3404 1460 3462 393:
1507 3383 1606 3463 „in
1633 3386 1752 3444 den
1782 3381 2270 3464 ursprnnglichen
2293 3382 2570 3458 Quellen,

364 3479 488 3543 den
548 3485 706 3542 alten
762 3484 1037 3543 Annalen
1053 3530 1069 3559 ,
1128 3503 1247 3544 war
1307 3496 1422 3544 nur
1463 3485 1569 3544 der
1610 3485 1887 3544 kurzeste
1928 3483 2217 3563 Inbegriff
2249 3484 2354 3543 der
2398 3481 2572 3541 wich-

363 3583 585 3662 tigsten
638 3582 1115 3660 Begebenheiten
1167 3583 1600 3643 verzeichnet.”
1683 3584 1975 3661 Exempla
2035 3603 2069 3643 e
2109 3581 2289 3642 Livio'
2320 3583 2572 3640 afferunt

366 3700 508 3742 cum
553 3678 661 3741 'alii
714 3691 844 3740 tum
885 3683 1061 3742 Peter
1102 3683 1186 3741 H.
1228 3682 1304 3742 R.
1348 3684 1425 3742 R.
1469 3702 1528 3759 p.
1571 3683 1779 3757 XXV,
1823 3682 1925 3760 qui
1968 3702 2106 3743 cum
2147 3680 2217 3740 iis
2259 3689 2571 3757 comparat

366 3781 599 3843 tabulas
640 3781 907 3858 pascales
950 3781 1280 3842 Germanas
1322 3781 1749 3864 (Ostertafeln).

456 3878 504 3961 ³)
566 3878 814 3940 Nitzsch
874 3882 1054 3942 Rom.
1110 3883 1269 3942 Ann.
1328 3880 1389 3942 id
1448 3880 1709 3945 ostendit
1764 3882 1842 3943 de
1898 3879 2214 3942 traditione
2269 3877 2569 3939 Coriolani

366 3980 451 4062 (p.
520 3979 815 4061 57—60);
879 3981 985 4040 cfr.
1043 4001 1101 4058 p.
1160 4000 1269 4058 93:
1325 3980 1469 4058 „wir
1519 4001 1717 4042 waren
1757 3982 2088 4041 veranlaszt
2128 3977 2568 4053 anzunehmen,

367 4081 509 4141 dasz
563 4078 780 4142 Fabius
836 4078 918 4138 im
969 4080 1216 4141 Ganzen
1259 4079 1594 4141 wesentlich
1637 4091 1902 4160 grossere
1942 4080 2161 4139 Stucke
2199 4078 2570 4157 sagenhafter

368 4181 786 4259 Erzahlungen
853 4181 1009 4240 auch
1075 4180 1328 4241 anderer
1399 4181 1822 4242 Geschlechter
1890 4179 2015 4239 und
2083 4179 2356 4239 daneben
2417 4197 2568 4257 ganz

367 4281 551 4340 kurze
605 4277 1018 4340 annalistische
1073 4279 1325 4340 Notizen
1380 4282 1517 4354 bot,
1561 4289 1727 4340 sonst
1765 4299 1879 4339 nur
1920 4276 2310 4339 ausfuhrliche
2352 4277 2569 4342 Stucke

371 4399 476 4440 aus
519 4381 625 4441 der
668 4377 1025 4442 Geschichte
1067 4378 1255 4441 seines
1294 4379 1740 4442 Geschlecht5.”
