3375 5084
1375 360 1494 419 107

348 533 606 595 clarum
662 542 799 607 est,
848 534 1087 605 cred0‚
1136 554 1292 595 eum
1340 535 1428 595 ab
1475 534 1862 597 auctoribus
1909 536 2047 597 suis
2094 536 2445 599 inductum
2493 557 2534 597 a

341 650 454 711 via
520 649 964 711 aberravisse.
1060 646 1286 731 Saepe
1350 625 1530 711 enim
1595 651 1683 712 ab
1747 651 1896 713 aliis
1959 651 2089 714 hac
2150 652 2236 714 de
2283 672 2356 713 re
2405 653 2534 714 dis-

347 775 694 847 ceptatum
756 774 935 840 erat,
992 774 1062 829 et
1105 766 1179 828 hi
1225 786 1459 829 omnes
1504 786 1641 828 non
1690 777 1976 849 egerant
2022 769 2108 830 de
2154 769 2283 831 hac
2331 788 2535 849 quae-

346 882 563 944 stione
582 930 595 957 ,
653 902 814 944 num
870 879 1233 964 Saguntini
1281 881 1349 944 in
1394 882 1634 945 foedus
1681 883 2134 947 Hasdrubalis
2181 885 2503 947 caderent
2521 933 2534 960 ,

299 1046 306 1055 .
340 999 462 1060 sed
523 999 739 1090 quasi*
774 998 844 1060 id
903 1001 1087 1081 apud
1133 1018 1368 1062 omnes
1416 1009 1789 1075 constaret,
1837 1002 2308 1063 tantummodo
2358 1002 2535 1065 hanc

277 1152 280 1155 ι
342 1116 810 1196 quaestionem
856 1125 1319 1180 tractaverant
1363 1138 1525 1180 num
1567 1117 2024 1182 Hasdrubalis*
2051 1118 2292 1182 foedus
2317 1129 2537 1182 ratum
2574 1134 2577 1143 ’

343 1241 524 1294 esset
593 1241 663 1294 et
731 1232 1019 1314 vigeret.
1127 1231 1210 1294 Id
1278 1233 1512 1314 probis
1582 1235 2002 1316 argumentis
2072 1234 2538 1298 demonstrare

340 1358 689 1431 poterant,
762 1358 832 1411 et
900 1349 1233 1430 Polybius
1298 1369 1532 1412 eorum
1591 1352 2108 1415 ratiocinatione
2153 1362 2503 1434 permotus
2522 1402 2536 1428 ,

342 1485 425 1527 ea
508 1474 915 1547 argumenta
984 1467 1303 1547 exposuit
1319 1515 1333 1541 ,
1406 1468 1529 1529 sed
1598 1467 1848 1530 oblitus
1918 1478 2025 1531 est
2093 1488 2212 1532 eos
2284 1469 2540 1551 aliquid

342 1581 804 1643 demonstrare
850 1581 1034 1662 quod
1080 1582 1667 1646 demonstratione·
1704 1572 1980 1648 minime
2017 1595 2287 1669 egeret„
2337 1585 2540 1667 Quod

340 1700 417 1758 ut
465 1696 712 1758 clarius
758 1707 1087 1778 appareat
1132 1698 1346 1760 verba
1391 1698 1666 1780 Polybii
1714 1700 2131 1762 exscribam:

341 1811 418 1874 P.
484 1832 537 1875 c,
606 1832 720 1890 29:
786 1812 864 1876 τὰ
925 1812 1043 1894 μὲν
1106 1806 1220 1879 οὖν
1272 1814 1397 1876 ὑπὸ

339 1924 814 2011 Καρχηδονίων
888 1934 1029 1993 τότε
1097 1930 1391 2012 ῥηθέντα

343 2039 805 2128 δεδηλώκαμεν
839 2045 915 2129 (e.
954 2044 1075 2127 21),
1103 2047 1184 2111 τὰ
1210 2044 1396 2109 δ’ὖπὸ

342 2157 694 2242 “Ρωμαίων
733 2156 1046 2244 λεγόμενα
1079 2171 1195 2229 νῦν
1225 2164 1396 2245 ἐροῦ-

338 2280 498 2360 μενρ
547 2272 642 2351 οἷς
693 2280 834 2342 τότε
881 2281 1001 2358 μὲν
1057 2277 1171 2344 οὐκ
1224 2281 1401 2364 ἐχρή-

341 2415 545 2456 σαντο
596 2390 706 2457 διὰ
739 2395 851 2459 τὸν
888 2397 996 2458 ἐπὶ
1030 2404 1108 2478 τῇ
1132 2398 1394 2461 Ζακαν-

339 2512 561 2573 θαίων
577 2507 870 2593 ἀπωλείᾳ
896 2516 1124 2591 θυμόν,
1141 2510 1399 2590 λέγεται

343 2626 411 2704 δὲ
468 2621 786 2703 πολλάκις
828 2630 936 2690 καὶ
970 2628 1093 2691 ὑπὸ
1127 2624 1391 2694 πολλῶν
1454 2688 1458 2699 .

256 2753 260 2757 “
341 2739 503 2827 παρ’
554 2744 796 2816 αὐτοῖς.
845 2749 1103 2823 πρῶτον
1153 2743 1273 2825 μὲν
1299 2744 1399 2805 ὅτι

343 2863 463 2935 τὰς
503 2860 682 2940 ,πρὸς
744 2853 1167 2943 Ἀσδρούβου
1218 2882 1397 2937 γενο-

338 2976 545 3055 μένας
630 2970 977 3058 ὁμολογίας
1065 2973 1178 3037 οὐκ
1268 2974 1394 3039 οἷθε

335 3076 616 3173 ,νη-τέω,
677 3094 980 3173 :caedum
1011 3096 1092 3156 ,οἱ
1137 3100 1397 3178 Καρχη-

342 3207 556 3273 δόνιοι
623 3194 836 3286 λέγειν
905 3212 1265 3294 ἐθάρρουν,
1327 3209 1401 3272 οὐ

345 3327 470 3406 γὰρ
519 3326 891 3409 προσέκειτο
946 3328 1245 3408 καθάπερ
1288 3327 1398 3389 ’ἐπί

344 3450 459 3508 τοῦ
514 3445 880 3507 Λουτατίου
926 3445 1193 3522 ,,κυρίας
1227 3438 1395 3506 εἶναι

348 3566 595 3632 ταύτας
675 3560 791 3625 ἐὰν
872 3559 983 3620 καί
1063 3563 1151 3640 τῷ
1225 3557 1403 3642 δήμῳ

352 3674 510 3761 δόξῃ
587 3677 718 3741 τῶν
790 3672 1193 3757 “Ρωμαίων·”
1254 3671 1402 3738 ἀλλ’

300 3780 715 3869 θ-αὐτ-οιλπελιῖις
823 3792 1170 3874 ἐποιήσατο
1288 3792 1402 3865 τὰς

297 3922 302 3927 ’
348 3907 698 3990 ὁμολογίας
748 3906 1169 3993 Ἀσδρούβας
1211 3906 1271 3991 1).

1636 1815 1782 1878 Liv.
1831 1815 2037 1878 XXI.
2096 1838 2171 1895 19
2215 1821 2354 1893 §32
2386 1835 2543 1878 nam

1545 1932 1601 1994 si
1663 1932 2031 1994 verborum
2110 1933 2542 2014 disceptatio-

1550 2049 1652 2111 nis
1699 2069 1808 2111 res
1856 2058 2059 2124 esset,
2100 2049 2265 2129 quid
2299 2048 2543 2111 foedus

1546 2163 2000 2227 Hasdrubalis
2067 2185 2224 2228 cum
2285 2164 2542 2227 Lutatii

1550 2280 1775 2367 priore
1829 2280 2108 2343 foedere
2167 2281 2352 2362 quod
2398 2302 2540 2343 mu-

1546 2404 1764 2459 tatum
1834 2406 1938 2459 est
2009 2397 2541 2478 comparandum

1547 2522 1696 2575 erat
1711 2561 1725 2587 ,
1774 2532 1929 2575 cum
1983 2512 2053 2574 in
2097 2512 2353 2589 Lutatii
2398 2512 2537 2575 foe-

1547 2630 1710 2691 dere
1774 2629 2024 2694 diserte
2084 2629 2391 2691 additum
2437 2649 2538 2691 es·

1551 2754 1657 2807 set
1674 2793 1688 2819 ,
1771 2744 1868 2807 ita
1957 2744 2027 2806 id
2106 2754 2328 2806 ratum
2394 2743 2539 2807 fore

1548 2860 1605 2921 si
1665 2860 1960 2942 populus
2019 2858 2393 2923 censuisset
2411 2907 2424 2933 ‚
2472 2858 2541 2920 in

1546 2975 2000 3039 Hasdrubalis
2068 2974 2346 3038 foedere
2406 2995 2536 3037 nec

1552 3102 1922 3175 exceptum
1979 3093 2118 3155 tale
2177 3091 2540 3173 quicquam

1553 3208 1758 3273 fuerit
1775 3256 1791 3283 ‚
1880 3219 1950 3272 et
2030 3218 2134 3271 tot
2216 3228 2543 3270 annorum

1551 3325 1820 3389 silentio
1882 3325 1978 3387 ita
2023 3324 2183 3386 vivo
2232 3344 2315 3386 eo
2364 3343 2543 3386 com-

1548 3444 1914 3524 probatum
1985 3440 2072 3504 sit
2137 3438 2379 3502 foedus
2395 3488 2408 3515 ,
2466 3449 2542 3502 ut

1552 3580 1640 3622 ne
1711 3548 1981 3622 mortuo
2051 3558 2324 3640 quidem
2386 3577 2543 3619 auc-

1556 3685 1706 3739 tore
1752 3675 2115 3756 quicquam
2156 3682 2544 3735 mutaretur.

445 4186 486 4268 ¹)
540 4186 855 4263 Reliquam
914 4196 1144 4264 partem
1202 4196 1687 4265 argumentorum
1709 4232 1724 4260 ,
1781 4205 1958 4264 quam
2017 4205 2090 4243 ex
2132 4185 2344 4243 eodem
2386 4185 2550 4243 fonte

351 4289 472 4347 fere
524 4287 604 4346 ad
645 4289 829 4348 verba
870 4284 1183 4364 exscripsit
1223 4285 1388 4367 (nam
1428 4285 1587 4345 idem
1630 4285 1838 4345 eadem
1866 4281 2075 4342 'forma
2116 4280 2299 4361 apud
2320 4283 2550 4343 Livium

352 4385 539 4467 extat)
567 4380 794 4447 ¹omitto
896 4386 1032 4446 Vid.
1077 4387 1199 4446 Pol.
1247 4388 1351 4444 HI.
1399 4406 1451 4444 c.
1499 4405 1574 4462 29
1599 4391 1645 4456 ,ἓ
1686 4385 1880 4458 4-8,
1922 4382 2049 4443 Liv.
2095 4404 2148 4442 e.
2198 4403 2269 4463 19
2312 4390 2339 4455 5
2383 4404 2440 4457 4.
