3375 5084
1759 360 1836 400 10

706 538 1022 592 accurate
1070 531 1240 613 egit,
1288 531 1575 595 fortasse
1622 534 1779 595 ideo
1827 534 2009 613 quod
2038 534 2427 597 memoriter
2455 530 2773 595 laudavit.
2800 567 2881 574 ——

703 643 844 708 Sed
891 646 1153 709 etiamsi
1197 646 1512 728 Ephorus
1559 669 1642 710 ea
1686 648 1991 712 instituta
2034 648 2199 729 reip.
2247 648 2405 712 Lac.
2436 647 2709 730 propria
2732 665 2881 708 esse

700 761 963 836 statuit,
1028 772 1098 825 et
1141 762 1427 826 fortasse
1473 763 1869 845 Xenophon
1886 813 1899 840 ,
1947 774 2175 827 tamen
2220 765 2550 847 Polybius
2595 764 2665 826 in
2709 759 2881 824 refu-

699 876 955 940 tatione
1015 877 1273 942 fallitur
1290 926 1303 953 ,
1363 898 1520 941 nam
1587 880 1844 960 optimo
1907 880 2050 943 iure
2108 882 2240 943 hae
2287 880 2595 943 civitates
2639 896 2883 958 aequa-

704 994 965 1057 bantur.
1055 994 1365 1075 Utraque
1410 995 1665 1058 Dorica
1714 1007 1843 1071 est,
1893 996 2247 1078 imperium
2292 1015 2504 1078 penes
2533 995 2887 1077 primoreS‚

700 1109 1218 1192 magistratuum
1278 1120 1584 1191 potestas
1599 1162 1613 1187 ‚
1674 1100 1988 1176 educatio
2035 1114 2401 1176 liberorum
2448 1111 2784 1176 simillima
2826 1105 2884 1184 ¹).

704 1225 880 1287 Nam
928 1244 1082 1288 cum
1128 1226 1216 1288 ab
1262 1226 1552 1307 antiquis
1597 1230 1813 1311 vulgo
1868 1228 2285 1292 discernatur
2326 1229 2501 1292 inter
2548 1223 2887 1291 πολιτείαν

702 1350 772 1404 et
843 1346 1075 1424 νόμους
1097 1389 1116 1419 ,
1190 1340 1308 1403 illa
1376 1344 1654 1423 aequari
1715 1344 1858 1406 iure
1919 1353 2146 1425 potest
2164 1392 2178 1418 ,
2236 1344 2500 1407 etiamsi
2544 1343 2716 1406 inter
2760 1342 2887 1402 hos

702 1457 958 1537 aliquid
1009 1457 1304 1520 interest.
1395 1458 1637 1539 Itaque
1682 1460 1917 1541 paullo
1963 1459 2389 1543 arrogantius
2435 1459 2688 1523 dictum
2734 1477 2884 1520 esse

702 1572 971 1635 videtur
1038 1572 1208 1635 illud
1277 1583 1587 1656 θαρροῦσι
1663 1572 1734 1637 δὲ
1801 1573 2014 1654 λέγειν
2079 1578 2163 1649 ὥς
2218 1577 2452 1657 ὁμοίων
2500 1578 2708 1640 ὄντων
2756 1549 2888 1639 τῶν

703 1685 1217 1771 πολιτευμάτων.

795 1803 988 1887 Quae
1051 1807 1137 1869 de
1197 1807 1552 1887 republica
1611 1808 2157 1871 Lacedaemonia
2215 1808 2485 1890 scripsit
2538 1805 2888 1891 Ephorus,

707 1921 912 1984 etiam
971 1931 1316 1986 vetustate
1378 1942 1707 2004 oppressa
1771 1934 1941 1988 sunt.
2032 1925 2143 1988 De
2188 1925 2539 2006 republica
2585 1921 2893 1987 Cretensi

705 2036 1035 2119 singulari
1102 2037 1277 2100 libro
1348 2039 1574 2121 egisse
1643 2039 1914 2103 videtur
1962 2040 2023 2119 2).
2112 2039 2464 2103 Adversus
2541 2039 2892 2121 Ephorum

706 2152 1006 2235 inprimis
1058 2154 1235 2217 hanc
1282 2155 1943 2237 argumentationem
1989 2157 2075 2219 de
2121 2176 2256 2238 qua
2302 2156 2567 2239 egimus
2613 2154 2889 2228 direxit;

707 2289 1115 2350 quamquam
1160 2269 1230 2331 in
1274 2269 1533 2351 Ephori
1576 2270 1975 2353 fragmentis
2006 2292 2180 2353 quae
2213 2281 2450 2336 extant
2486 2292 2621 2334 non
2651 2271 2892 2352 legun-

703 2396 813 2448 tur
881 2405 1057 2467 quae
1125 2385 1455 2468 Polybius
1526 2387 1589 2448 ei
1655 2387 1891 2450 tribuit
1907 2436 1921 2462 ‚
1992 2408 2234 2470 agrum
2292 2387 2540 2450 viritim
2601 2386 2894 2449 divisum

705 2522 855 2565 esse
874 2550 888 2578 ,
934 2502 1268 2584 pecuniae
1313 2523 1439 2565 usu
1487 2501 1840 2584 Spartanis
1885 2504 2314 2568 interdictum
2331 2553 2345 2580 ‚
2381 2502 2895 2586 magistratibus

706 2617 1061 2699 imperium
1107 2626 1452 2681 servatum
1498 2620 1725 2699 quoad
1770 2619 2096 2683 viverent.
2164 2619 2512 2700 Ephorum
2558 2618 2653 2681 ait
2683 2617 2893 2700 Poly-

701 2734 854 2796 bius
893 2734 937 2815 ³)
997 2734 1237 2798 iisdem
1300 2736 1506 2798 etiam
1571 2737 1953 2798 nominibus
1996 2737 2096 2798 uti
2139 2736 2360 2798 solere
2407 2737 2493 2798 de
2538 2734 2895 2816 republica

705 2848 1012 2913 Cretensi
1096 2859 1420 2933 agentem
1497 2852 1740 2932 quibus
1813 2851 2121 2914 instituta
2194 2850 2892 2913 Lacedaemoniorum

705 2963 1044 3048 significet
1060 3013 1074 3039 ,
1147 2985 1280 3045 quo
1342 2964 1462 3028 fiat
1521 2976 1596 3028 ut
1648 2966 1891 3029 lectori
1934 2966 2270 3028 interdum
2315 2964 2758 3027 dubitandum
2804 2965 2894 3027 sit

708 3082 794 3143 de
863 3089 1015 3142 utra
1077 3089 1243 3162 agat
1279 3079 1343 3162 ⁴).
1436 3079 1730 3144 Omnino
1797 3080 2146 3161 Ephorum
2206 3080 2498 3162 Polybio
2544 3090 2899 3144 auctorem

796 3374 837 3455 ¹)
900 3373 1158 3451 Copiose
1213 3376 1290 3435 de
1346 3395 1419 3435 ea
1474 3375 1855 3437 similitudine
1908 3375 2032 3454 agit
2085 3376 2360 3453 Ephorus
2416 3378 2485 3435 fr.
2531 3379 2610 3449 64
2650 3377 2871 3436 Muller
2887 3421 2904 3450 ‚

701 3473 916 3533 Strabo
959 3493 1017 3549 p.
1064 3491 1200 3552 375.

788 3569 840 3650 2)
901 3571 1176 3648 Ephorus
1238 3570 1308 3632 fr.
1377 3577 1452 3649 63
1510 3574 1725 3633 Muller
1781 3573 2018 3654 (Strabo
2072 3574 2149 3632 X.
2204 3592 2262 3648 p.
2322 3572 2464 3653 370)
2519 3578 2646 3653 ὑπὲρ
2697 3577 2757 3636 δὲ
2808 3586 2908 3643 τῆς

699 3682 905 3751 Κρήτης
941 3674 1270 3752 ὁμολογεῖται
1308 3677 1447 3734 διότι
1485 3676 1618 3733 κατὰ
1655 3676 1775 3739 τοὺς
1809 3676 2061 3739 παλαιοὺς
2095 3676 2311 3752 χρόνους
2344 3677 2628 3752 ἐτύγχανεν
2659 3679 2906 3752 εὐνομου-

697 3776 821 3848 μένη
880 3774 967 3829 καὶ
1026 3774 1258 3840 ζηλωτὰς
1306 3775 1493 3837 ἑαυτῆς
1540 3777 1660 3838 τούς
1708 3776 1948 3848 ἀρίστους
1992 3780 2091 3828 τῶν
2141 3767 2397 3834 Ἐλλήνων
2436 3775 2709 3849 ἀπέφηνεν,
2751 3777 2803 3830 ἐν
2845 3775 2909 3832 δὲ

700 3880 806 3936 τοῖς
853 3876 1073 3947 πρώτοις
1120 3872 1582 3948 Λακεδαιμονίους,
1634 3874 1877 3946 καθάπερ
1928 3872 2141 3926 Πλάτων
2189 3893 2243 3926 τε
2281 3872 2330 3926 ἐν
2368 3878 2475 3934 τοῖς
2513 3874 2707 3948 Νόμοις
2746 3873 2908 3935 δηλοῖ

699 3974 787 4028 καὶ
814 3964 1034 4047 ’Ἔφορος
1070 3972 1120 4026 ἐν
1159 3979 1220 4050 τῇ
1256 3972 1507 4044 Εὐρώπης
1538 3969 1773 4042 πολιτείᾳ
1798 3961 2023 4041 (Marxt
2053 3969 2103 4022 ἐν
2129 3976 2190 4048 τῇ
2215 3969 2458 4045 Εὐρώπῃ,
2487 3970 2580 4029 τὴν
2609 3966 2908 4048 πολιτείαν)
3026 4033 3031 4035 ‚

699 4071 1074 4144 ἀναγέγραφεν.
1149 4061 1345 4120 Etiam
1388 4060 1449 4118 in
1489 4059 1640 4119 libro
1682 4059 1856 4118 tertio
1899 4072 1997 4119 τῶν
2037 4063 2271 4121 καθόλου
2309 4059 2428 4137 egit
2470 4061 2546 4120 de
2587 4062 2772 4121 Creta
2800 4061 2909 4144 (de

697 4161 881 4222 servis
923 4158 1265 4242 κλαρώταις).
1310 4158 1533 4234 Ephor.
1577 4157 1645 4214 fr.
1693 4175 1765 4231 3²
1811 4174 1863 4213 a.

782 4260 804 4295 ³
931 4262 979 4319 I.
1062 4306 1075 4318 .
1163 4262 1199 4317 6
1319 4277 1410 4315 10.

782 4259 833 4440 ’ἕξ
873 4263 1092 4419 {lessio
1122 4281 1211 4416 ‘gn
1243 4266 1435 4415 §etiam
1478 4354 1535 4410 h.
1579 4354 1617 4409 l.
1645 4349 1925 4426 Polybius
1950 4350 2195 4410 nimium
2223 4353 2601 4414 affirmaverit
2609 4378 2626 4431 5
2663 4359 2901 4449 Ephor.
