3375 5084
1480 354 1552 410 15

512 529 593 590 In
647 527 1050 612 Theopompo
1094 527 1423 609 Polybius
1455 528 1790 607 quaedam
1821 527 2161 608 vituperat
2187 548 2361 608 quae
2386 530 2607 610 magis

425 647 512 708 ad
576 644 863 707 formam
924 654 994 707 et
1053 643 1391 708 scribendi
1455 644 1786 706 rationem
1830 644 2186 724 pertinent.
2279 644 2346 706 Is
2393 646 2572 706 enim
2592 694 2605 719 ,

424 781 577 823 cum
636 781 745 822 res
809 759 1108 824 Graecas
1168 760 1464 822 scribere
1509 758 1906 822 instituisset
1945 756 1986 842 ¹)
2033 762 2121 822 ab
2168 781 2250 823 eo
2298 770 2606 841 tempore

422 878 578 939 inde
636 896 771 957 quo
833 875 1268 958 Thucydides
1329 876 1738 938 substitisset
1754 924 1768 950 ‚
1831 876 1945 938 ubi
1992 877 2081 938 ad
2124 876 2382 939 bellum
2428 876 2607 938 The-

422 996 673 1057 banum
726 993 1039 1074 pervenit
1055 1041 1069 1067 ‚
1117 1001 1520 1075 argumento
1565 1000 1862 1073 mutat0‚
1912 1012 2022 1054 res
2068 993 2368 1074 Philippi
2416 994 2580 1058 adiit
2595 1045 2609 1072 ‚

422 1110 665 1190 quibus
712 1109 905 1191 quasi
948 1108 1225 1172 fortuito
1272 1107 1557 1170 subinde
1605 1128 1925 1191 egressus
1972 1109 2428 1193 subiungebat
2463 1131 2610 1173 nar-

422 1226 752 1289 rationem
819 1245 1043 1288 rerum
1111 1224 1557 1299 Graecarum;
1628 1244 1832 1305 quam
1892 1224 2223 1291 rationem
2280 1218 2607 1307 Polybius

425 1341 756 1406 Graeciae
818 1341 1134 1424 dignitati
1189 1341 1518 1423 imparem
1574 1361 1724 1403 esse
1772 1350 2005 1403 censet
2044 1341 2102 1421 2).
2194 1341 2350 1404 Non
2395 1342 2607 1405 multo

421 1458 701 1542 gravius
759 1458 925 1520 mihi
985 1458 1252 1520 videtur
1313 1458 1601 1520 alterum
1648 1457 1900 1520 crimen
1948 1476 1990 1517 a
2035 1456 2328 1538 Polybio
2374 1458 2608 1538 paullo

422 1574 890 1638 vehementius
954 1573 1018 1636 ei
1072 1573 1428 1637 obiectum.
1522 1571 1845 1638 Summae
1892 1572 2070 1634 enim
2117 1572 2607 1636 inconstantiae

423 1692 690 1773 signum
758 1691 828 1752 in
893 1690 1344 1771 Theopompo
1419 1689 1481 1752 ei
1550 1708 1703 1752 esse
1764 1689 2034 1751 videtur
2051 1737 2065 1763 ,
2128 1689 2312 1769 quod
2371 1690 2428 1752 is
2489 1710 2613 1771 per

424 1829 657 1871 omnes
701 1808 913 1870 libros
959 1807 1348 1889 Philippum
1393 1806 1863 1888 proposuisset
1896 1806 2115 1867 virum
2147 1806 2610 1887 impudentem

423 1935 494 1988 et
554 1924 852 1988 ferocem
869 1972 885 1998 ,
950 1924 1064 2005 qui
1122 1943 1248 2005 per
1291 1923 1761 2004 impotentiam
1810 1923 2016 1986 etiam
2062 1924 2338 1986 domum
2385 1937 2577 1987 suam
2595 1973 2608 1998 ,
2657 1908 2661 1913 ⁴

421 2050 744 2122 quantum
790 2041 859 2102 in
904 2040 1052 2121 ipso
1100 2049 1282 2102 esset
1298 2087 1311 2114 ,
1358 2039 1427 2101 in
1472 2058 1809 2102 summum
1854 2039 2231 2119 periculum
2280 2040 2610 2114 duxisset,

421 2155 789 2236 pessimum
857 2154 926 2216 in
993 2154 1310 2235 parandis
1374 2154 1605 2217 amicis
1622 2203 1636 2229 ,
1701 2154 1816 2235 qui
1871 2155 2075 2217 urbes
2119 2155 2443 2235 plurimas
2488 2174 2613 2236 per

424 2271 562 2333 vim
610 2292 690 2334 ac
735 2270 1041 2334 fraudem
1088 2281 1323 2353 captas
1369 2272 1438 2333 in
1467 2272 1865 2334 servitutem
1895 2272 2293 2354 redegisset,
2320 2272 2609 2353 denique

422 2389 580 2450 vino
626 2389 993 2450 admodum
1040 2388 1374 2463 deditum3
1409 2408 1563 2451 cum
1594 2397 1825 2450 tamen
1855 2389 1924 2449 in
1947 2388 2298 2469 prooemio
2325 2388 2610 2451 dixisset

425 2525 500 2567 se
566 2505 696 2568 hac
765 2505 1060 2567 maxime
1124 2525 1328 2567 causa
1389 2505 1478 2566 ad
1539 2504 1971 2567 scribendum
2018 2504 2381 2584 impulsum
2428 2517 2577 2566 esse·
2598 2552 2612 2578 ‚

426 2622 609 2702 quod
652 2621 973 2702 Philippo
1018 2640 1255 2702 parem
1301 2620 1521 2682 virum
1566 2640 1910 2701 nunquam
1946 2619 2222 2700 Europa
2252 2620 2518 2683 tulisset
2553 2620 2612 2700 3).

427 2736 527 2801 At
588 2739 674 2800 ab
735 2737 1296 2819 intemperantiae
1359 2736 1634 2799 crimine
1697 2735 1890 2798 multi
1934 2755 2138 2818 reges
2186 2735 2612 2798 celeberrimi

428 2855 693 2917 absolvi
752 2864 1125 2936 nequeunt,
1187 2854 1301 2935 qui
1346 2863 1575 2916 tamen
1620 2845 2102 2933 sempiternam
2151 2851 2439 2934 gloriam
2487 2851 2614 2914 sibi

429 2980 1009 3050 comparaverunt.
1115 2967 1257 3034 Sed
1324 2978 1682 3050 praeterea
1750 2968 2275 3049 Theopompum
2340 2977 2615 3030 accusat

330 3139 335 3145 .
429 3085 613 3166 quod
657 3085 715 3148 is
761 3084 1156 3165 Philippum
1203 3084 1481 3166 eiusque
1529 3083 2023 3147 commilitones
2069 3084 2331 3146 acerbis
2363 3084 2613 3146 calum-

430 3200 557 3263 niis
603 3201 971 3265 insectatus
1017 3201 1103 3264 sit
1140 3200 1202 3282 ⁴).
1294 3200 1543 3264 Nescio
1591 3220 1816 3263 annon
1860 3200 2065 3281 plane
2116 3216 2375 3281 aequus
2409 3201 2617 3263 iudex

428 3317 558 3380 hac
603 3316 673 3378 in
716 3338 790 3380 re
834 3317 1035 3381 fuerit
1078 3317 1426 3400 Polybius,
1520 3292 1823 3379 Primum
1872 3317 2053 3379 enim
2097 3336 2235 3379 non
2278 3327 2419 3380 tam
2460 3336 2613 3400 gra-

429 3433 629 3496 vibus
690 3434 1113 3497 contumeliis
1170 3433 1564 3517 Philippum
1625 3434 2034 3497 dehonestat
2093 3433 2613 3515 Theopompus;

430 3550 646 3614 multo
708 3551 927 3614 acrius
987 3549 1328 3615 invehitur
1387 3551 1457 3614 in
1501 3551 1758 3614 amicos
1809 3551 1953 3613 eius
1998 3560 2070 3613 et
2117 3549 2338 3614 socios
2356 3599 2370 3626 ,
2417 3570 2614 3632 quOS‚

431 3686 586 3760 cum
631 3665 773 3729 fere
821 3667 1117 3731 colluvio
1164 3667 1461 3731 omnium
1506 3667 1815 3750 gentium
1855 3668 1925 3729 in
1955 3667 2433 3731 Macedoniam
2459 3686 2614 3728 con-

521 3965 563 4047 ¹)
604 3966 879 4035 Ἑλληνικὰ
915 4003 996 4012 --
1032 3976 1338 4032 Φιλιππικά.
1404 3970 1500 4028 De
1542 3967 1907 4029 orationibus
1949 3966 2073 4027 eius
2113 3964 2339 4025 Plotius
2380 3964 2518 4046 (Th.
2548 3965 2617 4024 fr.

431 4066 533 4147 26)
575 4067 677 4126 cfr.
721 4067 986 4128 Wichers
1026 4069 1256 4146 Theop.
1299 4068 1509 4146 fragm.
1552 4067 1721 4129 Leid.
1771 4069 1945 4143 1829.

513 4164 539 4199 2
604 4167 670 4224 P.
711 4169 878 4226 VIII.
921 4188 974 4226 e.
1024 4187 1049 4226 1
1290 4187 1316 4227 s
1407 4212 1420 4226 .

518 4162 565 4344 ³)
606 4266 670 4325 P.
715 4268 880 4325 VIII.
930 4286 995 4326 11
1044 4187 1094 4338 §3
1120 4176 1273 4340 1534
1315 4187 1468 4326 ‹celtqc
1519 4286 1590 4343 13
1633 4274 1661 4338 ξ
1709 4286 1734 4325 1
1783 4285 1869 4341 sq.

516 4360 566 4442 4)
606 4364 670 4421 P.
716 4366 882 4424 VIII.
923 4385 976 4424 c.
1027 4384 1092 4424 11
1141 4372 1169 4436 ξ
1213 4382 1243 4442 5
1290 4400 1370 4408 -—
1409 4385 1463 4423 e.
1513 4384 1604 4423 12.
