3375 5084
1493 354 1565 408 13

429 525 718 588 veritate
764 532 1064 587 mentem
1112 524 1404 588 abducit.
1475 524 1702 586 Minus
1750 533 1980 586 autem
2029 544 2112 586 eo
2158 534 2401 605 peccat
2438 527 2621 606 quod

427 641 601 704 falsa
645 642 871 705 tradat
916 660 1121 721 quam
1167 660 1250 703 eo
1300 641 1484 721 quod
1526 660 1634 703 res
1680 660 1881 703 veras
1930 640 2099 702 alias
2147 640 2414 703 omittat
2444 642 2615 703 alias

425 759 623 821 nimis
691 766 954 840 urgeat.
1049 756 1174 820 Cui
1240 756 1405 818 vitio
1476 757 1777 819 obnoxia
1845 766 1948 818 est
2007 756 2128 818 illa
2187 756 2360 818 ratio
2419 777 2622 837 quam

425 874 747 938 historiae
791 873 1296 954 philosophiam
1351 872 1577 935 dicere
1624 872 1863 934 solent.

516 991 626 1064 De
672 989 929 1071 Ephori
972 989 1160 1051 libris
1205 988 1535 1070 Polybius
1582 989 1729 1071 egit
1772 988 1947 1051 libro
2000 987 2143 1050 XII
2185 984 2243 1068 ¹).
2314 988 2418 1051 Ea
2460 1009 2618 1070 pars

426 1126 835 1188 quamquam
902 1105 1258 1187 deperdita
1327 1115 1433 1168 est
1449 1154 1463 1180 ,
1532 1114 1765 1167 tamen
1824 1104 2141 1167 iudicium
2204 1105 2290 1167 de
2335 1104 2613 1187 Ephoro

426 1222 638 1285 latum
705 1221 866 1284 satis
935 1221 1220 1303 agnosci
1285 1230 1530 1301 potest.
1636 1220 1719 1282 In
1786 1220 2016 1282 multis
2081 1221 2285 1282 rebus
2358 1219 2616 1301 Ephori

411 1357 600 1418 ‘opus
663 1337 1056 1418 exemplum
1100 1335 1226 1399 fuit
1272 1336 1565 1418 Polybio
1583 1384 1597 1410 ,
1647 1345 1720 1398 et
1766 1335 2128 1397 multarum
2172 1355 2396 1397 rerum
2442 1355 2617 1416 quae

427 1453 723 1535 Polybio
771 1453 1046 1535 propria
1097 1462 1253 1515 sunt
1298 1472 1609 1534 quaeque
1654 1452 1765 1515 hic
1812 1452 2056 1514 summi
2102 1452 2426 1515 momenti
2473 1472 2621 1513 esse

426 1580 621 1651 putat
687 1571 756 1632 in
816 1571 1020 1632 rebus
1082 1569 1456 1632 scribendis
1473 1617 1486 1641 ,
1552 1568 1743 1630 initia
1785 1568 1856 1630 in
1900 1567 2158 1648 Ephori
2204 1567 2393 1630 libris
2437 1568 2622 1636 inve-

426 1686 660 1748 nimus,
752 1685 908 1747 Non
955 1684 1175 1747 solum
1222 1683 1537 1765 Ephorus
1579 1684 1870 1746 veritate
1914 1683 2263 1746 historiam
2295 1683 2622 1746 contineri

431 1802 752 1865 censebat
769 1850 783 1875 ,
848 1810 919 1863 et
979 1801 1036 1862 si
1099 1799 1245 1863 fieri
1289 1809 1523 1881 posset
1571 1820 1805 1863 omnes
1851 1820 1961 1863 res
2007 1800 2288 1863 traditas
2335 1801 2423 1861 ab
2471 1800 2620 1880 ipso

429 1918 753 1998 scriptore
819 1916 1078 1997 adspici
1141 1926 1212 1979 et
1268 1937 1311 1978 a
1355 1925 1714 1997 praesente
1762 1915 2111 1978 observari
2162 1914 2476 1977 debuisse
2525 1914 2620 1975 di-

429 2036 631 2098 cebat
661 2034 704 2115 ²)
721 2083 735 2108 ‚
784 2054 960 2115 quae
1007 2033 1250 2114 eadem
1296 2033 1632 2096 sententia
1661 2032 1865 2095 toties
1897 2033 2079 2113 apud
2109 2032 2184 2093 P.
2226 2030 2508 2094 recurrit
2534 2067 2615 2074 ——

430 2151 561 2214 hoc
627 2169 868 2212 munus
936 2149 1081 2211 veri
1145 2149 1515 2231 indagandi
1579 2149 1851 2210 omnino
1909 2147 2228 2210 historiae
2274 2146 2620 2228 proprium

432 2276 534 2329 est
551 2315 565 2341 ,
629 2286 1038 2347 quamquam
1100 2286 1143 2327 a
1201 2266 1435 2347 paucis
1491 2274 1695 2327 antea
1739 2273 1926 2327 recte
1972 2263 2392 2327 intellectum
2440 2271 2586 2325 erat
2602 2312 2615 2337 ‚

432 2392 502 2445 et
564 2402 673 2444 ars
719 2382 952 2444 critica
997 2401 1081 2444 eo
1127 2391 1435 2461 tempore
1483 2382 1571 2442 ab
1617 2380 2007 2443 auctoribus
2052 2380 2338 2460 turpiter
2380 2379 2616 2460 negle-

430 2499 723 2580 gebatur
779 2520 895 2570 -—;
944 2497 1067 2559 sed
1112 2496 1318 2559 etiam
1362 2496 1684 2558 historiae
1730 2495 2047 2558 materies
2094 2504 2165 2557 et
2207 2492 2357 2556 finis
2373 2542 2386 2567 ,
2433 2494 2618 2556 deni-

430 2634 561 2695 que
629 2634 870 2676 munus
938 2612 1283 2693 scriptoris
1351 2613 1438 2674 de
1508 2631 1643 2693 quo
1714 2621 1855 2674 tam
1925 2612 2135 2672 ubere
2205 2629 2414 2690 saepe
2476 2610 2621 2691 egit

428 2729 758 2810 Polybius
777 2777 791 2803 ‚
838 2728 973 2791 iam
1019 2727 1333 2808 Ephorus
1377 2746 1598 2807 paene
1636 2726 1881 2788 eadem
1909 2725 2171 2788 ratione
2195 2724 2318 2787 sed
2344 2725 2619 2787 brevius

430 2845 764 2927 exposuit.
855 2845 1008 2907 Res
1075 2844 1422 2906 universas
1484 2864 1559 2905 se
1616 2843 1914 2905 scribere
1967 2841 2299 2923 Polybius
2347 2840 2617 2921 saepius

430 2958 784 3040 profitetur
802 3007 815 3032 ,
871 2978 1092 3040 neque
1137 2944 1389 3039 'parum
1436 2978 1509 3020 se
1557 2958 1800 3021 ceteris
1846 2957 2285 3038 scriptoribus
2331 2975 2415 3018 eo
2465 2975 2620 3018 con-

430 3076 580 3137 silio
657 3084 1005 3156 praestare
1075 3085 1336 3149 censet,
1407 3075 1590 3156 quod
1656 3075 1753 3137 ita
1821 3075 2017 3136 unice
2086 3093 2252 3135 vera
2297 3071 2618 3135 historiae

428 3192 682 3254 utilitas
750 3192 993 3255 lectori
1052 3189 1278 3253 afferri
1336 3191 1581 3272 possit:
1651 3190 2002 3271 Ephorum
2056 3199 2285 3252 autem
2329 3189 2620 3270 primum

432 3318 503 3371 et
571 3308 792 3370 solum
857 3307 991 3370 hoc
1051 3306 1406 3370 consilium
1465 3307 1844 3387 suscepisse
1892 3315 1980 3378 et,
2004 3314 2396 3386 susceptum
2441 3305 2619 3367 bene

431 3424 521 3486 ad
578 3422 783 3487 finem
845 3422 1245 3504 perduxisse
1309 3422 1403 3485 ait
1442 3423 1502 3503 ³).
1594 3419 1739 3486 Sed
1797 3421 2198 3502 praesertim
2255 3421 2385 3483 hac
2430 3420 2500 3482 in
2544 3439 2618 3481 re
2684 3499 2687 3501 Α

431 3539 744 3621 Ephorus
810 3558 991 3602 nova
1059 3538 1173 3600 via
1232 3537 1577 3620 ingressus
1634 3537 1930 3619 Polybio
1995 3536 2360 3601 antecessit
2374 3584 2389 3611 ,
2438 3535 2620 3617 quod

432 3675 588 3718 cum
686 3656 889 3718 rebus
986 3653 1335 3727 narrandis
1426 3652 1841 3734 coniungere
1924 3652 2211 3716 instituit
2295 3670 2619 3714 excursus

436 3770 677 3852 quibus
737 3771 1064 3833 lectorem
1126 3770 1374 3832 docere
1429 3778 1499 3831 et
1545 3768 1889 3865 delectare
1905 3816 1921 3842 ‚
1969 3788 2078 3830 res
2121 3777 2426 3830 narratas
2470 3765 2618 3827 illu-

435 3896 648 3961 strare
664 3935 678 3963 ,
750 3886 1101 3968 opiniones
1164 3885 1532 3949 contrarias
1594 3884 1909 3948 refellere
1970 3884 2253 3959 soleret3
2323 3882 2618 3963 descrip-

523 4163 564 4246 ¹)
605 4166 741 4223 XII.
791 4184 862 4223 22
908 4171 935 4235 ἕ
982 4182 1033 4239 7.
1096 4165 1165 4243 P..
1207 4164 1310 4222 IV.
1358 4183 1432 4220 20
1473 4164 1678 4223 laudat
1719 4163 1919 4222 locum
1962 4181 1994 4221 e
2036 4159 2343 4237 prooemio
2375 4159 2619 4237 Ephori.

516 4261 567 4343 ²)
606 4263 758 4340 Eph.
803 4281 899 4339 ap.
941 4262 1068 4321 Pol.
1111 4262 1247 4320 XII.
1297 4278 1391 4336 27.
1439 4276 1491 4335 7.
2326 4252 2333 4260 ’

519 4359 566 4440 3)
607 4364 672 4420 Ρ.
716 4362 790 4420 V.
836 4380 888 4419 c.
935 4379 1008 4435 33
1053 4367 1080 4431 ἕ
1126 4380 1179 4418 2.
