3375 5084
1800 321 1927 380 260

773 512 969 576 nobis
1014 522 1471 576 servaverunt.
1555 512 1706 575 Res
1751 513 2104 576 Romanas
2147 511 2388 574 melius
2433 510 2697 593 scripsit
2740 527 2944 591 quam

775 627 831 690 si
910 627 1265 691 Romanus
1290 677 1305 703 ,
1381 649 1490 692 res
1566 627 1867 692 Graecas
1940 628 2181 692 melius
2248 647 2454 709 quam
2521 627 2577 689 si
2646 624 2947 689 Graecus

776 765 1045 827 semper
1102 744 1354 809 fuisset.
1445 745 1827 809 Veritatem
1881 765 2210 809 summam
2256 746 2455 808 deam
2494 739 2538 825 ¹)
2581 763 2707 825 pro
2752 750 2943 824 parte

772 860 950 923 virili
1009 861 1244 937 coluit;
1306 862 1567 924 etiamsi
1629 863 1801 924 alios
1860 862 2054 925 iuxta
2115 881 2267 924 eam
2312 861 2480 923 deos
2524 859 2735 923 coluit
2749 907 2764 933 ,
2813 857 2944 919 alia

773 976 979 1038 etiam
1047 978 1395 1059 proposita
1462 978 1935 1059 persequenda
2000 976 2299 1058 suscepit
2313 1025 2328 1051 ,
2396 976 2657 1039 nullum
2721 983 2947 1037 tamen

772 1093 993 1155 sciens
1038 1093 1102 1155 ei
1147 1093 1485 1174 praetulit.

861 1207 1050 1270 Artis
1112 1208 1383 1272 criticae
1445 1209 1734 1290 denique
1794 1209 2079 1292 egregie
2123 1209 2383 1291 peritus
2426 1206 2552 1270 fuit
2594 1205 2943 1287 Polybius.

771 1321 853 1385 Id
896 1343 1032 1385 non
1077 1334 1363 1406 apparet
1407 1324 1486 1387 iis
1531 1325 1703 1387 locis
1747 1325 1865 1387 ubi
1900 1324 2129 1407 longis
2161 1324 2571 1407 ambagibus
2602 1330 2946 1385 auctorem

776 1439 1073 1520 aliquem
1133 1441 1584 1522 reprehendit.
1674 1441 1966 1506 Duobus
2026 1452 2287 1506 tantum
2345 1442 2515 1505 locis
2568 1460 2724 1503 eum
2770 1439 2950 1501 clare

773 1563 844 1617 et
871 1555 1177 1636 praecise
1211 1556 1416 1619 alium
1448 1566 1795 1620 auctorem
1824 1558 1894 1620 in
1924 1568 2113 1621 certa
2139 1558 2433 1640 quadam
2455 1577 2530 1619 re
2552 1553 2946 1619 refutavisse

772 1671 1061 1734 arbitror
1097 1671 1159 1753 ²).
1228 1672 1309 1735 In
1353 1673 1629 1755 reliquis
1674 1674 1772 1737 ita
1817 1694 2027 1756 agere
2072 1674 2250 1737 solet
2293 1683 2370 1736 ut
2403 1673 2716 1736 ostendat
2749 1669 2951 1751 scrip-

772 1795 989 1849 torem
1032 1787 1389 1853 manifesto
1435 1790 1551 1852 vel
1597 1790 1728 1853 sibi
1771 1811 1907 1853 non
1954 1790 2333 1854 constitisse
2379 1790 2495 1852 vel
2535 1786 2952 1851 incredibilia

774 1903 1119 1984 scripsisse
1136 1952 1150 1979 ,
1222 1913 1293 1967 et
1355 1925 1507 1968 cum
1567 1907 1752 1969 solus
1816 1904 1967 1970 finis
2014 1906 2079 1969 ei
2126 1914 2307 1969 esset
2346 1925 2484 1968 non
2529 1913 2604 1967 ut
2647 1923 2792 1966 rem
2837 1900 2952 1964 ali-

772 2038 976 2100 quam
1020 2021 1341 2101 probaret
1359 2070 1374 2096 ,
1407 2023 1529 2085 sed
1563 2031 1639 2085 ut
1667 2023 2084 2104 reliquorum
2108 2020 2530 2105 Scriptorum
2556 2019 2950 2083 auctoritate

773 2154 1047 2216 prorsus
1113 2135 1329 2200 fracta
1353 2187 1369 2213 ‚
1438 2158 1512 2201 se
1579 2138 1728 2221 ipse
1800 2147 1870 2201 et
1936 2139 2257 2202 iudicium
2324 2157 2522 2201 suum
2589 2135 2950 2199 lectoribus

774 2252 996 2333 magis
1049 2255 1554 2317 commendaret
1570 2303 1585 2329 ,
1631 2256 1849 2317 multo
1896 2255 2206 2318 acerbius
2224 2304 2240 2330 ,
2285 2254 2623 2317 interdum
2665 2249 2949 2332 iniquius

774 2367 844 2429 in
889 2388 1008 2430 eos
1053 2369 1280 2432 invehi
1325 2371 1503 2434 solet
1543 2369 1603 2452 ³).
1673 2368 1817 2435 Sed
1862 2372 2045 2453 ipsas
2089 2391 2199 2434 res
2243 2372 2536 2454 probare
2555 2419 2571 2452 ‚
2620 2369 2763 2431 sive
2799 2386 2948 2429 auc-

772 2484 1032 2546 toribus
1100 2485 1244 2549 sive
1306 2486 1457 2549 aliis
1516 2486 1815 2549 fontibus
1869 2487 2137 2568 scriptis
2183 2486 2474 2550 laudatis
2493 2534 2509 2560 ‚
2552 2504 2689 2547 non
2733 2481 2947 2564 magis

774 2599 919 2663 eius
987 2610 1092 2664 est
1161 2602 1660 2665 consuetudinis
1721 2622 1924 2684 quam
1985 2603 2271 2666 aliorum
2314 2611 2628 2665 veterum
2674 2600 2946 2681 scripto-

774 2734 953 2790 rum;
1021 2735 1175 2779 raro
1244 2726 1507 2780 tantum
1567 2715 1824 2780 fontem
1883 2718 2212 2781 indicavit
2226 2767 2242 2793 ‚
2305 2726 2375 2780 et
2433 2717 2503 2780 id
2547 2716 2820 2798 quidem
2862 2712 2947 2774 ad

778 2849 968 2893 suam
1014 2832 1492 2896 auctoritatem
1538 2842 1611 2896 et
1652 2832 1860 2896 fidem
1890 2834 2160 2897 omnino
2182 2832 2581 2896 firmandam
2607 2830 2669 2913 4).
2699 2829 2947 2892 Verum

867 3158 907 3240 ¹)
948 3161 1013 3219 P.
1055 3162 1223 3220 XIII.
1267 3180 1320 3221 c.
1368 3179 1400 3239 5
1443 3169 1472 3234 ὅ
1514 3182 1570 3235 4.
1655 3163 1779 3223 cfr.
1819 3163 2162 3223 XXXVIII.
2206 3182 2260 3223 c.
2310 3164 2377 3222 1d
2415 3171 2444 3235 ξ,
2488 3183 2545 3222 2.

855 3255 907 3338 2)
948 3260 1246 3319 Zenonem
1286 3262 1450 3320 XVI.
1494 3281 1547 3320 c.
1597 3276 1851 3338 15—19.
1935 3260 2249 3323 Timaeum
2288 3264 2426 3321 XII.
2477 3281 2548 3320 10
2589 3267 2618 3333 ἓ
2660 3279 2715 3337 3.

859 3354 2342 3439 ³)Cfr.111.33§18‚56§4;X.c.3§2.

857 3454 908 3534 ¹¹)
949 3457 1181 3517 Eodem
1223 3457 1468 3519 consilio
1509 3459 1823 3537 plerosque
1866 3458 2098 3537 scripsit
2138 3479 2421 3520 excursus
2462 3460 2539 3520 de
2579 3478 2643 3518 re
2671 3455 2869 3516 critica
2893 3461 2948 3512 et

773 3563 902 3614 arte
955 3554 1236 3616 historica
1247 3579 1264 3631 ;
1321 3576 1535 3634 nempe
1592 3567 1657 3617 ut
1713 3558 2051 3619 ostenderet
2105 3578 2207 3619 eos
2255 3569 2529 3620 auctores
2546 3604 2560 3633 ,
2604 3557 2723 3617 sive
2763 3571 2949 3614 rerum

774 3652 985 3729 peritia
1002 3700 1017 3729 ,
1060 3653 1182 3714 sive
1225 3674 1417 3732 aequo
1458 3655 1718 3732 partium
1758 3655 1979 3717 iudicio
1995 3702 2009 3731 ,
2039 3655 2161 3717 sive
2187 3655 2559 3735 simplicitate
2588 3666 2647 3716 et
2671 3649 2950 3716 evidentia

774 3751 1128 3813 narrationis
1182 3763 1242 3813 et
1298 3753 1413 3814 stili
1455 3773 1676 3815 carere.
1760 3751 1954 3815 Multa
1993 3765 2154 3816 recte
2195 3755 2612 3816 animadvertit
2652 3753 2778 3836 (cfr.
2820 3768 2948 3811 cum

776 3848 891 3909 alia
945 3858 1074 3909 tum
1130 3853 1207 3913 H.
1267 3873 1320 3913 c.
1381 3855 1456 3930 56
1498 3860 1527 3924 ᾗ
1573 3873 1680 3928 10,
1724 3855 1832 3913 III.
1875 3874 1927 3913 e.
1973 3870 2047 3929 47
2091 3862 2120 3927 ᾖ
2163 3858 2232 3930 6,
2273 3857 2409 3915 XV.
2451 3875 2507 3917 e.
2551 3856 2626 3932 36
2666 3855 2951 3934 παραδοξο-

780 3954 935 4028 λογία
976 3957 1035 4007 et
1074 3957 1449 4033 τερατολογίας
1494 3951 1657 4010 XVI.
1702 3969 1755 4010 c.
1806 3971 1876 4010 12
1919 3959 1948 4024 ὅ
1992 3969 2059 4030 5;
2101 3954 2324 4013 ΧΧΙΧ.
2368 3974 2422 4014 e.
2466 3957 2566 4029 δας
2609 3954 2656 4012 I.
2688 3971 2727 4025 4
2752 3958 2948 4026 §3-9

779 4045 885 4105 cfr.
942 4047 1049 4105 ΠΙ.
1107 4067 1159 4106 c.
1217 4068 1291 4125 32
1342 4055 1371 4121 ς
1413 4070 1452 4123 4
1493 4068 1654 4126 sqq.,
1698 4051 1774 4108 V.
1819 4047 1938 4130 33).
2021 4049 2203 4126 Quod
2245 4052 2495 4113 modum
2535 4048 2797 4123 excedit,
2835 4063 2949 4105 non

782 4143 973 4203 solum
1026 4145 1399 4223 arrogantiae
1454 4146 1693 4207 cuidam
1743 4146 2122 4208 tribuendum
2164 4170 2291 4211 esse
2331 4150 2564 4212 videtur
2578 4197 2594 4226 ‚
2637 4148 2741 4210 sed
2781 4144 2949 4206 etiam
3000 4228 3006 4234 .

783 4238 1005 4317 ingenti
1047 4242 1243 4303 studio
1284 4262 1404 4320 quo
1445 4253 1512 4303 ut
1550 4263 1758 4305 verum
1796 4243 2081 4305 iudicium
2120 4248 2199 4308 de
2231 4250 2408 4310 rebus
2434 4249 2561 4329 ipse
2588 4248 2743 4308 solus
2762 4243 2950 4305 tulisse

786 4338 1061 4397 credatur
1102 4342 1330 4400 efficere
1369 4340 1525 4402 velit.
2793 4327 2812 4350 l
