3375 5084
1483 262 1606 326 247

448 436 711 516 reliqua
763 438 897 498 duo
944 435 1200 518 genera
1244 437 1622 518 principum
1668 446 1785 499 aut
1828 437 2283 500 Macedonum
2329 451 2445 502 aut
2490 440 2634 502 Ro-

448 572 801 614 manorum
847 552 1150 633 partibus
1196 551 1443 616 favent.
1512 552 1699 615 Inter
1746 528 2106 633 optimates
2135 553 2333 616 huius
2363 556 2634 637 generis

427 667 721 730 fuerunt
768 658 1073 749 Charops
1120 677 1190 731 et
1236 667 1646 731 Callicrates,

533 785 845 847 Iamvero
918 786 1174 872 clarum
1235 794 1367 859 est,
1438 785 1500 846 ei
1560 784 1677 866 qui
1733 785 1831 847 ita
1876 785 1961 846 de
2009 785 2214 865 plebe
2263 764 2484 867 deque
2530 807 2630 850 re-

446 900 723 981 publica
770 899 1186 962 'Atheniensi
1249 900 1502 963 iudicet
1517 948 1532 974 ,
1602 900 2126 974 „democratiam
2172 901 2436 963 veram”
2482 922 2632 964 eam

446 1036 596 1093 esse
660 1035 796 1097 qua
858 1016 1124 1078 medius
1187 1015 1434 1078 civium
1492 1016 1659 1077 ordo
1717 1016 2015 1077 maxima
2059 1017 2457 1080 auctoritate
2503 1017 2633 1080 fru-

446 1141 597 1193 atur
621 1180 635 1205 ‚
712 1130 910 1212 plebs
987 1131 1312 1213 obsequio
1382 1131 1818 1194 contineatur.
1932 1131 2120 1194 Talis
2194 1141 2421 1194 autem
2490 1143 2635 1196 erat

447 1247 865 1309 democratia
909 1246 1123 1309 Arati.
1192 1246 1350 1327 Ipse
1396 1246 1673 1327 quidem
1720 1245 1977 1309 Aratus
2023 1248 2111 1309 ad
2157 1268 2312 1310 eum
2335 1249 2631 1311 medium

446 1371 699 1425 statum
761 1382 898 1424 non
952 1362 1276 1443 pertinuit
1325 1360 1390 1442 ¹),
1439 1363 1560 1424 sed
1606 1362 1743 1424 suis
1789 1363 2098 1426 amicitiis
2143 1364 2350 1445 regiis
2396 1374 2466 1427 et
2511 1386 2632 1427 suo

449 1479 733 1541 consilio
779 1498 1018 1559 parum
1065 1478 1247 1541 civili
1278 1497 1438 1539 usus
1470 1487 1574 1540 est
1605 1478 1693 1539 ad
1719 1478 1862 1540 eius
1889 1479 2137 1540 ordinis
2161 1480 2631 1543 auctoritatem

439 1593 838 1656 firmandam
860 1643 878 1667 ,
963 1593 1161 1655 simul
1239 1613 1391 1655 cum
1468 1593 1905 1674 optimatibus
1973 1595 2216 1657 leniter
2282 1615 2497 1677 agens
2552 1596 2626 1678 2);

438 1712 667 1793 itaque
735 1730 778 1771 a
838 1709 1099 1772 civibus
1160 1709 1561 1790 oppidorum
1619 1709 1929 1772 Achaiae
1991 1730 2161 1790 quos
2222 1711 2547 1793 obsequio
2587 1714 2630 1792 ³)

440 1837 518 1890 et·
569 1827 889 1890 comitate
953 1826 1081 1888 sibi
1144 1825 1631 1889 conciliaverat
1646 1876 1660 1901 ‚
1709 1826 2088 1889 incredibili
2134 1826 2368 1890 favore
2414 1849 2629 1890 remu-

438 1952 714 2006 neratus
760 1952 867 2005 est
902 1941 964 2023 4).
1034 1941 1227 2005 Idem
1276 1944 1450 2004 adeo
1494 1943 1773 2023 plebem
1821 1943 2085 2017 metuit,
2132 1952 2206 2005 ut
2250 1944 2630 2025 permultae
2720 1956 2724 1960 ’

436 2078 547 2120 res
593 2059 682 2119 ab
730 2078 813 2120 eo
860 2067 1100 2140 gestae
1148 2079 1238 2120 ex
1283 2059 1415 2120 hoc
1460 2067 1648 2120 metu
1693 2066 1954 2120 tantum
2001 2059 2329 2139 explicari
2350 2061 2625 2140 possint.

436 2174 592 2237 Non
683 2175 943 2237 solum·
995 2184 1318 2255 tyrannos
1342 2222 1356 2249 ‚
1428 2194 1714 2256 quorum
1782 2175 2158 2256 potentiam
2229 2175 2628 2258 plerumque

437 2286 644 2372 plebe
689 2291 812 2354 niti
856 2297 1155 2362 constat,
1201 2309 1326 2371 per
1370 2299 1584 2352 totam
1629 2290 1840 2351 vitam
1886 2290 2161 2370 capitali
2208 2290 2365 2352 odio
2411 2292 2626 2354 insec-

437 2415 619 2470 tatus
667 2414 772 2469 est
789 2454 804 2481 ,
852 2407 974 2468 sed
1022 2405 1226 2468 etiam
1272 2405 1515 2488 gravia
1558 2405 1861 2486 pericula
1891 2406 2201 2468 societati
2228 2407 2625 2470 contrahere

435 2522 673 2584 maluit
689 2570 703 2598 ,
751 2511 955 2602 qham
999 2520 1221 2602 plebis
1266 2521 1522 2583 auxilio
1569 2520 1892 2603 ambiguo
1916 2521 2051 2583 uti.
2121 2519 2237 2585 Sic
2282 2541 2458 2584 anno
2495 2544 2576 2600 24
2590 2546 2610 2585 1

441 2659 595 2702 cum
641 2657 768 2720 per
811 2637 1126 2720 Megarin
1170 2635 1720 2718 Peloponnesum
1764 2638 2078 2702 invasuri.
2107 2646 2334 2701 essent
2363 2637 2624 2715 Aetoli,

440 2754 693 2837 Agidis
738 2753 923 2834 regis
968 2753 1083 2834 qui
1130 2772 1213 2815 eo
1258 2752 1409 2833 ipso
1455 2735 1762 2834 tempore
1807 2773 2019 2815 novas
2043 2753 2311 2816 tabulas
2335 2751 2625 2834 Spartae

437 2872 719 2933 dederat
788 2868 1115 2931 auxilium
1179 2868 1524 2931 invocavit
1566 2868 1853 2943 Aratus;
1902 2869 2146 2931 deinde
2196 2888 2349 2931 cum
2397 2869 2624 2942 Corin-

436 2987 626 3049 thum
671 2985 972 3047 venisset
1015 2981 1199 3065 Agis
1246 3004 1398 3047 cum
1446 2984 1751 3062 exercitu
1782 2982 2118 3066 Spartano
2133 3033 2148 3058 ‚
2181 2994 2250 3047 et
2281 2986 2369 3047 ab
2403 2984 2622 3048 Arato

437 3102 709 3164 veniam
771 3099 1133 3163 dimicandi
1195 3109 1595 3181 expectaret
1611 3149 1624 3175 ‚
1690 3100 1800 3162 hic
1862 3100 2194 3181 praelium
2252 3101 2509 3165 distulit
2556 3112 2625 3164 et

431 3236 671 3299 regem
718 3236 872 3279 cum
918 3235 1173 3298 magno
1220 3216 1518 3278 omnium
1563 3216 1700 3278 risu
1746 3225 1815 3278 et
1861 3216 2304 3279 admiratione
2346 3219 2621 3281 domum

431 3334 708 3407 dimisit;
756 3331 992 3395 Aetoli
1038 3342 1264 3396 autem
1296 3332 1845 3414 Peloponnesum
1875 3332 2165 3414 ingressi
2188 3333 2333 3395 sine
2356 3334 2618 3414 proelio

433 3451 764 3513 Pellenen
811 3458 1153 3543 ceperunt.
1224 3447 1567 3531 Quidquid
1612 3449 1743 3511 hac
1789 3450 1874 3511 de
1920 3468 1994 3510 re
2026 3449 2094 3511 in
2121 3450 2619 3512 commentariis

520 3783 561 3865 ¹)
602 3784 757 3843 Plut.
800 3785 969 3842 Arat.
1013 3802 1066 3842 e.
1117 3802 1220 3856 11,
1275 3801 1343 3862 15
1388 3792 1448 3842 et
1491 3803 1586 3859 43.
1672 3783 1794 3843 Cfr.
1847 3784 2121 3860 Droysen
2162 3782 2318 3841 Hell.
2363 3784 2423 3841 II
2485 3798 2620 3859 377.

509 3882 560 3963 2)
616 3884 769 3942 Plut.
814 3884 983 3942 Arat.
1035 3902 1300 3957 11-*143
1348 3881 1473 3942 Cic.
1518 3882 1594 3941 de
1638 3882 1756 3941 Off.
1801 3884 1876 3950 II.
1928 3903 2021 3959 23.
2106 3881 2406 3940 Sexcentis
2447 3881 2625 3941 exuli-

423 3984 537 4043 bus
580 3979 868 4059 Sicyoniis
911 3978 1014 4057 qui
1055 3982 1289 4039 fuerant
1330 3980 1454 4041 eius
1496 3979 1748 4040 civitatis
1789 3979 2263 4057 locupletissimi,
2307 3999 2412 4038 sua
2440 3999 2624 4057 opera

426 4080 709 4144 restitutis
726 4127 740 4155 ,
785 4099 930 4140 auro
970 4079 1291 4140 Ptolemaei
1332 4079 1726 4156 possessiones
1767 4079 2008 4139 amissas
2050 4077 2317 4138 redemit.

514 4179 561 4260 3)
602 4180 688 4239 Pl.
731 4181 902 4237 Arat.
945 4199 997 4238 c.
1048 4198 1138 4258 Π.

512 4277 563 4359 4)
607 4279 724 4338 Cfr.
768 4279 921 4337 Plut.
965 4280 1133 4337 Arat.
1177 4298 1229 4336 c.
1276 4294 1384 4355 35,
1428 4279 1552 4338 Pol.
1596 4276 1834 4359 passim.
