3375 5084
1843 348 1965 404 108

895 533 1048 596 Hoc
1096 546 1575 617 argumentum
1621 557 1757 598 non
1802 538 1892 598 ab
1937 536 2088 617 ipso
2136 537 2429 618 Polybio
2461 537 2804 598 inventum
2837 554 2988 596 esse

806 659 1033 730 potest
1093 651 1412 732 (alioquin
1474 653 1653 713 enim
1701 653 1935 715 videre
1981 653 2220 715 debuit
2264 673 2338 714 se
2383 671 2742 732 perperam
2786 669 2988 732 argu-

802 765 1108 847 mentari)
1127 815 1142 841 ‚
1213 769 1333 829 sed
1353 816 1367 842 ,
1436 778 1513 831 ut
1579 769 1730 850 ipse
1799 768 1964 832 dicit
1982 817 1997 842 ‚
2066 768 2646 836 ratiocinationem
2715 766 2991 829 Romae

802 882 1287 965 pervulgatam
1331 886 1421 946 ab
1467 885 1619 947 aliis
1665 884 1969 967 sumpsit.
2040 883 2358 966 Apposui
2401 883 2584 946 idem
2630 901 2990 964 argumen-

799 1008 943 1062 tum
990 1001 1193 1081 quale
1239 999 1473 1063 Livius
1519 1002 1589 1063 id
1633 1001 1881 1074 habet,
1920 1002 2038 1082 qui
2069 1001 2275 1063 etiam
2306 1001 2491 1062 aliud
2514 1007 2993 1082 argumentum

800 1116 1088 1190 addidit,
1135 1119 1225 1179 ad
1270 1118 1556 1200 longum
1603 1119 1945 1181 silentium
1991 1130 2063 1181 et
2107 1139 2303 1181 usum
2333 1119 2495 1181 dum
2525 1117 2790 1179 viveret
2811 1114 2991 1177 Has-

803 1232 1046 1294 drubal
1106 1253 1505 1313 provocans.
1596 1235 1831 1297 Livius
1890 1255 2028 1296 non
2087 1255 2127 1297 e
2186 1233 2483 1315 Polybio
2543 1232 2768 1294 hausit
2783 1280 2798 1305 ,
2850 1250 2993 1292 non

799 1348 1004 1429 plane
1066 1349 1323 1411 eisdem
1390 1350 1601 1413 utitur
1644 1351 1874 1413 verbis
1918 1349 2164 1433 quibus
2209 1349 2284 1412 P.
2304 1398 2319 1424 ‚
2367 1351 2491 1411 sed
2536 1357 2773 1412 contra
2817 1346 2994 1408 alius

798 1463 1092 1526 invicem
1138 1467 1477 1547 quaedam
1522 1468 1735 1529 habet
1780 1467 2024 1547 quibus
2071 1474 2261 1528 caret
2306 1464 2498 1527 aliuS.
2568 1463 2802 1525 Livius
2832 1481 2994 1524 cum

796 1578 1048 1641 librum
1116 1580 1307 1644 XXI
1382 1582 1711 1645 scriberet
1775 1583 2077 1644 nondum
2143 1582 2539 1662 inspexerat
2605 1577 2992 1659 Polybium.

800 1695 976 1757 Nam
1031 1716 1266 1759 eorum
1310 1718 1487 1779 quae
1532 1717 1658 1779 per
1703 1700 1946 1761 decem
1992 1698 2221 1778 capita
2265 1699 2343 1779 (c.
2396 1719 2428 1758 2
2445 1697 2677 1776 1—30)
2723 1691 2996 1774 scripsit

801 1809 1132 1895 Polybius
1177 1813 1264 1875 de
1309 1812 1698 1876 foederibus
1743 1814 2218 1876 Romanorum
2263 1833 2419 1876 cum
2463 1811 2716 1874 Poenis
2758 1808 2954 1871 factis
2972 1855 2994 1880 ,

799 1937 872 1990 et
931 1947 1108 2009 quae
1168 1929 1390 2010 ipsum
1452 1932 1915 2013 composuisse
1972 1941 2241 1994 constat
2256 1979 2271 2005 ‚
2315 1930 2578 1992 nullum
2622 1925 2999 2008 vestigium

798 2043 866 2104 in
934 2042 1111 2106 Livii
1179 2046 1367 2108 libris
1436 2057 1631 2110 extat
1679 2047 1732 2128 ¹).
1826 2045 1903 2111 Si
1964 2045 2068 2109 ea'
2109 2066 2284 2127 quae
2353 2044 2596 2108 summi
2663 2039 2998 2105 momenti

798 2168 994 2221 erant
1053 2160 1278 2224 omisit
1337 2161 1571 2224 Livius
1588 2211 1602 2237 ,
1666 2162 1940 2225 omnino
1999 2161 2396 2244 negandum
2442 2171 2549 2223 est
2591 2158 2862 2222 Livium
2908 2175 3002 2218 ea

800 2281 1063 2336 tantum
1109 2277 1198 2338 ab
1244 2296 1329 2339 eo
1374 2277 1743 2360 sumpsisse
1790 2297 1966 2359 quae
2011 2288 2088 2341 ut
2131 2278 2280 2359 ipse
2327 2275 2658 2358 Polybius
2688 2274 2786 2338 ait
2807 2271 3004 2354 apud

798 2391 1050 2453 multos
1096 2401 1409 2456 auctores
1454 2394 1811 2457 Romanos
1858 2396 2218 2468 extabant;
2250 2414 2429 2476 quae
2459 2390 2829 2473 Polybium
2850 2407 3001 2451 non

799 2505 1022 2588 ipsum
1071 2510 1532 2591 composuisse
1579 2511 1778 2574 nobis
1823 2511 2138 2593 apparuit
2183 2513 2369 2592 quod
2413 2511 2484 2572 in
2530 2529 2616 2572 ea
2658 2516 2854 2591 parte
2900 2505 2996 2566 de

801 2623 934 2686 situ
1002 2621 1293 2707 Sagunti
1359 2626 1558 2689 aliter
1624 2626 1882 2691 iudicat
1942 2636 2147 2708 atque
2208 2628 2276 2689 in
2337 2625 2688 2707 superiore
2705 2672 2720 2698 ,
2787 2620 3002 2703 quer'n

802 2757 1097 2800 errorem
1158 2741 1418 2803 auctori
1480 2741 1750 2804 cuidam
1808 2742 2293 2825 neglegentius
2339 2741 2710 2821 compilato
2755 2735 3004 2800 deberi
3088 2749 3094 2752 ·

799 2855 1189 2919 credibilius
1235 2865 1383 2919 erat
1428 2877 1631 2938 quam
1679 2858 1901 2939 ipsum
1949 2879 2106 2920 eum
2138 2854 2573 2921 commisisse.¹
2620 2855 3001 2935 Utriusque

797 2968 1093 3033 rationes
1139 2992 1179 3033 e
1225 2971 1412 3035 fonte
1459 2993 1595 3035 uno
1640 2972 1966 3036 Romano
2011 2973 2376 3037 fluxerunt.

887 3085 998 3147 De
1042 3086 1320 3150 foedere
1365 3088 1817 3152 Hasdrubalis
1849 3090 2255 3153 dissentiunt
2282 3088 2614 3171 Polybius
2644 3098 2716 3151 et
2736 3086 3002 3150 Livius,

799 3199 1011 3281 Apud
1056 3202 1423 3285 Polybium
1469 3205 1783 3285 quotiens
1827 3204 2120 3269 foederis
2163 3206 2440 3275 mentio⁴
2465 3202 2543 3268 fit
2556 3252 2571 3279 ,
2618 3204 2725 3267 his
2763 3202 3004 3266 verbis

799 3317 1113 3392 recurrit,
1188 3326 1270 3400 μὴ
1356 3319 1734 3405 διαβαίνειν
1816 3324 1927 3388 τὸν
2006 3321 2253 3407 ’Ἴβηρα
2340 3329 2658 3403 ποταμόν.
2779 3318 3003 3402 Apud

799 3430 1068 3493 Livium
1128 3443 1365 3497 contra
1424 3455 1696 3517 semper
1750 3437 2021 3499 additur
2036 3485 2051 3511 ‚
2109 3434 2530 3519 Saguntinos
2578 3456 2665 3499 eo
2709 3434 2999 3496 foedere

800 3546 1050 3610 diserte
1119 3560 1449 3631 exceptos
1517 3550 1725 3614 fuisse
1773 3550 1832 3632 2).
1924 3552 2035 3614 Ex
2101 3553 2207 3615 his
2275 3573 2363 3615 ne
2436 3552 2590 3633 quis
2653 3549 3000 3625 effecerit,

800 3663 1195 3727 traditiones
1256 3667 1425 3728 duas
1487 3665 1674 3729 fonte
1740 3668 2044 3731 diversas
2089 3670 2274 3750 apud
2320 3678 2686 3749 utrumque
2733 3676 3001 3730 extare.

800 3777 1051 3843 Contra
1110 3780 1260 3844 fons
1320 3783 1504 3845 idem
1567 3794 1703 3858 est,
1762 3786 1884 3846 sed
1923 3805 2037 3849 res
2083 3807 2125 3848 a
2168 3785 2368 3849 Livio
2413 3794 2679 3849 mutata
2726 3794 2801 3846 et
2843 3802 3003 3866 per-
3035 3855 3040 3860 ,

889 4063 931 4143 ¹)
973 4065 1095 4125 Cfr.
1137 4066 1467 4146 Schwegler
1510 4070 1557 4127 Ι.
1601 4089 1660 4145 p.
1711 4089 1841 4128 110.

877 4161 928 4244 2)
969 4164 1144 4224 Locis
1199 4185 1378 4242 supra
1424 4165 1679 4226 laudatis
1722 4168 1880 4228 adde
1919 4169 2060 4229 hos:
2103 4169 2230 4230 Liv.
2273 4173 2437 4230 XXI.
2482 4191 2518 4230 c
2585 4192 2618 4230 2
2659 4180 2692 4244 ξ
2739 4189 2772 4248 7
2791 4195 2808 4247 ;
2852 4170 3009 4232 ibid.

796 4281 847 4320 c.
919 4264 992 4321 18
1053 4270 1081 4334 ς
1136 4283 1204 4340 9:
1265 4263 1525 4340 „atenim
1579 4285 1651 4326 eo
1706 4267 1944 4327 foedere
1994 4270 2160 4345 quod
2199 4290 2338 4330 cum
2382 4271 2769 4333 Hasdrubale
2810 4270 3012 4333 ictum

796 4372 916 4435 est,
958 4361 1268 4438 Saguntini
1308 4362 1752 4440 excipiunmr”;
1794 4363 1938 4426 ibid.
1981 4387 2016 4425 c
2078 4388 2157 4440 44
2198 4375 2225 4440 ς
2268 4371 2322 4426 6.
