3375 5084
1811 337 1932 394 154

651 493 657 501 ’
779 521 850 575 et
910 511 1129 574 forma
1189 511 1580 596 satis—rudi,
1627 511 1899 594 magnis
1940 510 2239 593 negotiis
2288 519 2699 592 occupatum
2748 506 2961 594 (ἅμιλ-

778 624 1160 712 λησάμενον)
1220 648 1378 691 eum
1435 627 1916 709 conscripsisse
1976 626 2182 689 tradit
2240 626 2652 690 Plutarchus
2700 626 2771 710 ¹),
2828 647 2971 690 non

775 744 1031 807 maiore
1090 742 1226 807 fide
1281 744 1528 827 dignos
1583 743 1790 806 fuisse
1836 763 2038 824 quam
2085 743 2383 824 reliquas
2428 743 2716 805 aliorum
2761 743 2967 809 αὖτο-

776 864 1169 948 βιογραφίας
1186 888 1214 936 ;
1283 861 1530 944 partim
1601 860 1961 943 egregium
2029 858 2285 923 fontem
2346 860 2681 941 praebent
2740 880 2969 922 rerum

776 977 1408 1060 cognoscendarum
1426 1024 1440 1047 ,
1504 996 1661 1039 cum
1716 974 2004 1056 scriptor
2066 975 2270 1037 rebus
2336 975 2485 1056 ipse
2555 974 2934 1038 interfuerit
2950 1024 2966 1051 ‚

774 1093 1021 1176 partim
1080 1092 1300 1155 minus
1356 1092 1438 1154 iis
1494 1091 1926 1154 tribuendum
1972 1099 2076 1153 est
2092 1138 2106 1165 ‚
2154 1090 2314 1172 quia
2359 1111 2515 1154 curn
2561 1100 2748 1154 certo
2795 1111 2966 1174 quo-

775 1210 932 1272 dam
979 1209 1260 1272 consilio
1308 1227 1350 1270 a
1394 1208 1682 1271 veritate
1730 1207 1955 1269 alieno
2002 1206 2338 1270 conscribi
2385 1207 2628 1271 solent.

865 1324 1060 1408 Quae
1129 1325 1215 1387 de
1284 1325 1488 1387 rebus
1556 1323 2000 1387 Achaeorum
2060 1332 2131 1385 et
2186 1323 2272 1385 de
2328 1321 2606 1386 foedere
2652 1323 2964 1388 Achaico

772 1441 1048 1505 tradidit
1099 1440 1430 1522 Polybius
1451 1439 1560 1502 ·11.
1608 1460 1663 1503 c.
1714 1460 1794 1518 43
1845 1444 1876 1516 ἓ
1926 1460 1962 1518 3
2014 1476 2096 1483 —
2148 1459 2203 1502 e.
2256 1443 2337 1517 56
2387 1439 2628 1502 eadem
2673 1449 2828 1503 sunt
2873 1440 2963 1502 de

773 1557 1018 1638 quibus
1077 1554 1333 1618 Aratus
1392 1555 1461 1617 in
1524 1553 2022 1618 commentariis
2067 1554 2282 1618 multo
2329 1554 2603 1618 uberius
2649 1555 2827 1638 egit;
2876 1575 2961 1618 ea

773 1691 948 1753 quae
1010 1672 1097 1734 de
1164 1670 1581 1753 Nicophanis
1643 1680 1714 1734 et
1775 1670 2103 1735 Cercidae
2160 1671 2508 1754 legatione
2556 1681 2626 1734 et
2672 1672 2758 1734 de
2805 1691 2961 1754 pro-

771 1788 994 1870 posito
1040 1786 1239 1851 Arati
1286 1788 1545 1851 addidit
1589 1787 1919 1869 Polybius
1964 1788 2041 1870 (c.
2093 1792 2173 1865 48
2225 1825 2308 1832 --
2358 1808 2413 1851 c.
2453 1808 2537 1865 50
2562 1792 2600 1865 ,ξ
2629 1787 2689 1869 9)
2714 1788 2962 1870 partim

770 1914 846 1968 ut
889 1904 1159 1967 videtur
1206 1924 1296 1967 ex
1340 1903 1540 1967 Arati
1584 1903 1808 1979 libris,
1838 1904 2087 1985 partim
2119 1924 2158 1966 e
2190 1904 2552 1967 traditione
2591 1904 2967 1967 amicorum

769 2019 1512 2103 Megalopolitanorum
1558 2019 1902 2102 cognovit.
1974 2019 2124 2082 Iam
2170 2040 2262 2082 ex
2306 2019 2425 2082 illa
2469 2028 2666 2101 parte
2693 2019 2962 2148 ostendi

769 2147 999 2220 potest
1044 2136 1553 2201 fallacissimum
1598 2146 1949 2200 auctorem
1993 2135 2203 2200 fuisse
2248 2135 2558 2200 Aratum.

855 2253 1039 2317 Belli
1084 2253 1264 2317 enim
1311 2252 1725 2317 Cleomenici
1771 2253 2072 2336 cognitio
2120 2252 2285 2316 satis
2330 2262 2652 2318 accurata
2688 2273 2964 2336 compa-

768 2370 901 2439 rari
945 2380 1175 2453 potest
1220 2391 1259 2433 e
1304 2371 1496 2433 libris
1540 2370 1892 2434 Plutarchi
1924 2379 1995 2434 et
2024 2370 2300 2453 Polybii
2317 2419 2332 2447 ‚
2366 2390 2651 2454 quorum
2674 2380 2964 2453 uterque

768 2508 892 2551 sua
950 2487 1093 2551 fere
1157 2508 1248 2550 ex
1307 2487 1507 2550 Arati
1569 2487 2070 2551 commentariis
2122 2489 2365 2551 hausit.
2458 2486 2964 2570 Quaerentibus

769 2615 997 2668 autem
1041 2604 1238 2668 nobis
1283 2625 1451 2688 quas
1496 2613 1727 2686 partes
1760 2605 1830 2668 in
1861 2626 1945 2669 eo
1975 2606 2175 2669 tutati
2210 2606 2343 2669 sint
2372 2603 2637 2681 Aetoli,
2670 2613 2962 2688 apparet

769 2722 899 2785 tria
989 2740 1226 2784 eorum
1312 2730 1512 2804 gesta
1585 2722 1964 2785 memorari.
2086 2722 2391 2785 Primum
2466 2731 2624 2785 ante
2699 2721 2964 2784 bellum

769 2848 1083 2901 exortum
1152 2838 1280 2901 tria
1348 2839 1603 2921 oppida
1669 2839 2129 2922 Peloponnesi
2197 2859 2374 2921 quae
2442 2848 2587 2902 tum
2658 2859 2813 2903 cum
2876 2839 2963 2902 iis

768 2956 1041 3019 stabant
1104 2953 1608 3019 Orchomenum
1668 2957 1980 3039 Tegeam
2032 2955 2451 3020 Mantineam
2498 2976 2540 3019 a
2587 2955 2959 3020 Cleomene

769 3071 1088 3153 occupari
1149 3071 1453 3135 siverunt
1513 3070 1754 3135 Aetoli
1815 3072 1910 3155 (P.
1973 3071 2059 3135 II.
2107 3093 2163 3136 c.
2214 3078 2299 3150 46
2344 3077 2375 3149 ἐ
2427 3093 2458 3134 2
2512 3070 2662 3154 sq.;)
2711 3071 2959 3135 deinde

767 3186 993 3249 medio
1055 3187 1242 3249 bello
1303 3186 1523 3250 Arato
1586 3197 1824 3250 contra
1884 3186 2321 3251 Cleomenem
2368 3187 2696 3250 auxilium
2741 3188 2829 3250 ab
2874 3187 2959 3251 iis

766 3302 1026 3383 petenti
1091 3302 1470 3365 abnuerunt
1516 3301 1715 3383 (Plut.
1762 3301 1883 3365 Ar.
1933 3324 1987 3366 c.
2038 3325 2076 3381 4
2090 3304 2178 3384 1);
2226 3304 2517 3385 denique
2561 3302 2957 3386 Antigonus

766 3438 892 3481 rex
907 3466 923 3493 ‚
970 3438 1126 3481 cum
1172 3419 1548 3482 exercitum
1592 3439 1719 3501 per
1762 3421 2264 3504 Thermopylas
2308 3421 2377 3483 in
2399 3420 2955 3502 Peloponnesum

765 3534 1194 3597 traducturus
1239 3544 1446 3610 esset,
1493 3535 1582 3597 ab
1627 3534 1902 3603 Aetolis
1946 3545 2358 3618 praeventus
2399 3536 2689 3599 navibus
2720 3536 2953 3618 copias

764 3670 1042 3719 movere
1104 3650 1342 3713 debuit
1403 3646 1502 3728 (P.
1549 3650 1634 3714 H.
1682 3672 1738 3715 c.
1789 3671 1867 3730 52
1920 3657 1951 3729 ἐ
2001 3648 2083 3731 8).
2133 3690 2215 3698 -
2263 3652 2549 3716 Praeter
2591 3654 2765 3717 haec
2808 3652 2953 3716 nul-

764 3768 916 3832 lum⁴
965 3766 1225 3830 facinus
1288 3778 1523 3831 contra
1584 3767 1912 3832 Achaeos
1974 3770 2406 3834 commissum
2464 3770 2564 3833 eis
2616 3771 2951 3852 imputare

763 3884 987 3966 potuit
1054 3883 1328 3947 AratuS.
1445 3883 1599 3967 Quo
1674 3886 1899 3968 magis
1971 3887 2143 3949 mira
2210 3888 2457 3950 accidit
2521 3886 2954 3950 vehementia

764 4020 902 4081 qua
970 4000 1299 4082 Polybius
1369 4001 1572 4083 (haud
1642 4002 1849 4064 dubie
1908 4000 2129 4067 Arato
2191 4003 2489 4085 auctore)
2546 4002 2951 4067 Aetolorum

851 4269 892 4351 ¹)
933 4270 1087 4330 Plut.
1129 4272 1296 4329 Arat.
1340 4290 1394 4330 e.
1443 4291 1503 4329 2:
1547 4278 1583 4332 ἄ
1620 4279 1887 4352 παρέργως
1922 4279 2010 4334 καὶ
2049 4278 2149 4336 ὑπὸ
2185 4285 2341 4355 χεῖρα
2365 4277 2457 4335 διὰ
2483 4286 2583 4335 τῶν
2606 4280 2948 4356 ἐπιτυχόντων

760 4375 1021 4449 ὀνομάτων
1059 4375 1474 4450 ἁμιλλησάμενος
1511 4373 1773 4431 κατέλιπε.
