3375 5084
1497 362 1535 416 9

419 530 509 592 ad
578 530 823 592 librum
884 529 1365 612 Xenophontis
1424 533 1765 614 respicere
1829 533 2025 595 nobis
2053 522 2379 614 'ignotum
2398 581 2412 606 ‚
2461 544 2577 596 aut
2598 583 2612 606 ‚

421 646 606 726 quod
651 646 878 726 potius
925 646 1127 709 credo
1140 695 1154 721 ,
1202 646 1741 729 Xenophontem
1786 649 1872 711 de
1921 656 2206 728 utraque
2254 628 2610 728 republica

418 761 693 823 uberius
740 761 967 844 egisse
1011 760 1082 824 in
1126 761 1301 825 libro
1346 764 1641 844 quodam
1673 763 1863 827 cuius
1893 762 2091 826 nobis
2120 782 2299 826 nunc
2323 783 2611 826 mancae

418 886 682 940 tantum
770 878 1122 960 relliquiae
1207 888 1458 943 extent.
1584 880 1790 944 Illum
1878 878 2189 943 libellum
2279 880 2615 962 originem

419 993 710 1056 traxisse
767 1013 859 1056 ex
912 993 1241 1075 ampliore
1287 993 1774 1076 Xenophontis
1819 996 1994 1059 libro
2042 996 2246 1060 etiam
2291 995 2612 1077 probabi-

422 1107 552 1170 lius
618 1106 694 1171 fit
758 1109 941 1188 quod
997 1108 1404 1173 Plutarchus
1466 1109 1649 1193 (LyC.
1712 1131 1767 1176 c,
1825 1111 1879 1193 1)
1925 1111 2331 1175 sententiam
2375 1109 2613 1174 Xeno-

425 1224 700 1305 phontis
745 1224 1044 1288 servavit
1060 1273 1075 1299 ,
1122 1245 1325 1307 quam
1372 1226 1443 1288 in
1487 1227 1607 1289 illo
1658 1227 1896 1290 libello
1942 1227 2252 1311 legimus,

522 1338 963 1404 Callisthenes
1032 1339 1396 1424 Olynthius
1455 1342 1617 1424 quid
1679 1363 1904 1424 quove
1967 1343 2141 1407 libro
2192 1342 2228 1425 ¹)
2283 1344 2368 1405 de
2413 1343 2615 1405 rebus

426 1455 716 1537 publicis
760 1455 1100 1520 -Cretensi
1175 1467 1245 1521 et
1311 1458 1816 1522 Lacedemonia
1887 1458 2239 1523 tradiderit
2304 1459 2615 1541 ignotum

427 1580 546 1634 est.
595 1608 677 1617 -
727 1571 838 1635 Ex
883 1573 1127 1636 eodem
1143 1620 1159 1647 ,
1209 1583 1286 1664 ut
1327 1574 1596 1638 videtur
1612 1623 1626 1649 ,
1659 1575 1804 1638 eius
1834 1574 2010 1638 libro
2039 1574 2370 1657 Polybius
2392 1573 2617 1637 hausit

427 1686 850 1769 epigramma
888 1688 933 1769 2)
999 1708 1042 1750 a
1109 1688 1465 1752 Messeniis
1526 1700 1835 1772 tempore
1894 1689 2064 1753 belli
2110 1690 2388 1754 secundi
2435 1689 2615 1753 Mes-

423 1803 592 1866 senii
666 1804 1061 1885 inscriptum
1132 1806 1488 1869 columnae
1556 1808 1646 1869 ad
1714 1826 1903 1870 aram
1969 1805 2152 1869 Iovis
2222 1804 2481 1888 Lycaei
2548 1805 2618 1867 in

422 1919 749 1983 honorem
793 1918 1159 1985 Arcadum.
1254 1922 1523 1985 Deinde
1567 1922 1645 1987 P.
1697 1943 1853 1986 eum
1900 1922 2145 1987 acriter
2185 1921 2620 2004 reprehendit

425 2038 517 2100 ob
578 2057 688 2099 res
742 2037 1010 2118 ineptas
1055 2037 1125 2100 in
1170 2038 1344 2101 libro
1391 2060 1572 2118 περσι
1581 2045 1661 2101 κά
1709 2038 2032 2120 inscripto
2080 2039 2167 2101 de
2214 2037 2617 2101 Alexandro

426 2172 679 2235 magno
696 2201 711 2228 ,
759 2153 846 2215 de
892 2153 1153 2234 proelio
1185 2154 1275 2217 ad
1303 2153 1522 2218 Issum
1549 2155 1833 2218 traditas
1872 2157 1932 2236 ³).
1982 2153 2233 2218 Contra
2257 2154 2617 2216 Timaeum

398 2269 569 2332 eius
615 2268 1021 2351 dignitatem
1067 2269 1384 2334 defendit.
1475 2270 1797 2334 Timaeus
1843 2272 2022 2334 enim
2074 2269 2423 2334 contendit
2469 2268 2619 2333 Cal-

428 2385 789 2447 listhenem
857 2384 1241 2449 Alexandri
1301 2387 1725 2450 adulatorem
1787 2387 2063 2451 meritas
2109 2386 2313 2449 luisse
2358 2404 2617 2466 poenas

427 2521 583 2564 cum
627 2501 808 2582 turpi
855 2502 1310 2565 assentatione
1356 2512 1426 2565 et
1470 2503 1882 2584 philosopho
1921 2502 2202 2586 indigna
2239 2500 2621 2565 Alexandri

430 2616 724 2679 animum
771 2616 1182 2699 corrupisset
1218 2616 1279 2699 ⁴).
1350 2618 1589 2699 Itaque
1634 2618 1911 2700 Polybii
1956 2617 2323 2681 auctoritas
2354 2615 2621 2679 accedit

428 2733 517 2794 ad
576 2753 660 2795 ea
722 2752 897 2813 quae
956 2734 1045 2796 ab
1093 2732 1242 2796 aliis
1288 2733 1374 2796 de
1426 2732 1860 2797 Callisthenis
1905 2733 2123 2796 libero
2167 2731 2445 2815 ingenio
2488 2740 2620 2795 tra—

430 2849 676 2912 duntur
691 2896 705 2923 ,
752 2858 829 2911 ut
874 2847 1106 2913 Curtio
1144 2848 1206 2927 ⁵).
2093 2916 2096 2919 .

519 2963 833 3046 Apparet
892 2964 1260 3047 Polybium
1318 2966 1580 3048 aliquot
1638 2965 2030 3030 auctoribus
2075 2965 2281 3047 (certe
2325 2963 2620 3045 Platoni)

432 3102 518 3144 ea
600 3081 929 3145 obiecisse
998 3102 1173 3164 quae
1242 3102 1379 3145 non
1445 3082 1835 3164 scripserint
1852 3131 1866 3158 ,
1935 3102 2093 3144 nam
2163 3101 2317 3145 cum
2386 3100 2621 3144 omnes

433 3198 708 3279 quidem
774 3217 984 3280 remp.
1057 3197 1450 3262 Cretensem
1512 3199 1801 3262 similem
1864 3209 1935 3263 et
1996 3207 2361 3282 cognatam
2416 3196 2621 3260 fuisse

435 3313 1022 3378 Lacedaemoniae
1069 3314 1459 3379 statuissent
1472 3363 1487 3391 ,
1533 3335 1669 3378 non
1718 3335 1952 3378 omnes
1990 3314 2111 3377 illa
2132 3314 2437 3378 instituta
2458 3313 2622 3394 reip.

436 3430 596 3494 Lac.
672 3431 949 3513 propria
1017 3450 1167 3494 esse
1235 3427 1661 3512 seripserunt.
1753 3431 2084 3514 Polybius
2159 3432 2225 3494 h.
2293 3431 2336 3494 1.
2404 3429 2622 3492 minus

558 3683 603 3765 ¹)
662 3683 806 3745 Eius
859 3682 993 3746 libri
1046 3686 1125 3745 ad
1181 3682 1490 3746 historiam
1546 3683 1941 3761 pertinentes:
2001 3684 2313 3750 Ἑλληνικῶν
2374 3703 2445 3742 10
2494 3681 2628 3742 libri

427 3783 828 3864 (387—357);
886 3789 1002 3862 περὶ
1052 3796 1142 3845 τοῦ
1183 3790 1317 3864 ἱεροῦ
1361 3790 1618 3865 πολέμους
1656 3789 2026 3860 Μακεδονικοῖς
2067 3792 2334 3863 Θρακικά;
2377 3791 2623 3861 Περσικοῖς

425 3881 481 3943 ei
520 3881 877 3943 adscribitur
919 3887 1196 3962 περίπλους
1235 3882 1342 3941 cfr.
1385 3883 1800 3942 Westermann
1844 3882 1920 3942 de
1962 3880 2226 3942 Callisth.
2272 3881 2367 3939 Ol.
2404 3898 2624 3939 comm.

427 4002 482 4055 4.
528 3980 686 4057 Lips.
737 3983 910 4053 1842.

511 4078 563 4159 2)
604 4081 709 4137 IV·
754 4098 830 4155 33
875 4080 905 4157 ἓ
950 4099 980 4137 2
1026 4098 1114 4156 sq·

516 4176 565 4259 ³)
604 4180 739 4237 XII.
782 4197 838 4237 e.
889 4194 1142 4254 17—23.

518 4276 567 4355 ⁴¹)
607 4278 741 4335 XII.
763 4297 837 4336 ·c.
889 4292 1005 4335 120.

520 4374 570 4456 ⁵)
612 4377 777 4435 Curt.
823 4378 986 4434 VIII.
1032 4396 1083 4435 e.
1135 4396 1386 4452 19--21.
