3375 5084
1390 375 1509 432 103

351 570 559 612 annos
604 550 1021 611 narrationes
1063 551 1238 629 quae
1271 550 1568 630 aliquam
1598 551 1975 631 praebeant
2009 551 2536 625 similitudinem,

352 686 654 748 quasque
727 657 1002 727 easdem
1066 686 1250 746 esse,
1319 685 1729 747 quamquam
1775 666 2049 728 minime
2097 676 2355 729 certum
2403 676 2537 740 est,

349 792 578 844 tamen
621 802 758 843 non
801 781 1006 862 plane
1053 780 1450 844 incredibile
1497 782 1600 844 sit.
1670 782 2004 863 Polybius
2035 788 2067 858 ἓ
2102 787 2138 844 8
2173 783 2262 844 ad
2287 802 2538 844 annum

351 903 477 976 346
549 907 807 960 narrat:
878 898 941 960 οἱ
1012 895 1080 959 δὲ
1150 893 1457 963 Γαλάται
1524 894 2085 977 καταπλαγέντες·
2123 906 2241 982 τὴν
2302 895 2540 979 ἔφοδον

348 1017 579 1090 αὐτῶν,
620 1012 734 1078 καὶ
781 1011 1362 1089 διαστασιάσαντες
1409 1017 1565 1095 πρὸς
1614 1022 1778 1098 σφᾶς
1813 1017 2047 1088 νυκτὸς
2081 1013 2540 1100 ἐπιγενομένης

347 1137 523 1213 φυγῇ
592 1128 1058 1215 παραπλησίαν
1135 1132 1522 1213 ἐποιήσαντο
1598 1134 1744 1211 τὴν.
1785 1132 2200 1216 ἀποχώρησιν
2266 1135 2354 1206 εἷς
2417 1134 2537 1203 τὴν

352 1248 592 1311 οἰκίαν.
684 1245 918 1310 Livius
979 1245 1153 1330 (VII.
1225 1268 1291 1308 11
1362 1252 1394 1322 5
1460 1246 1511 1327 1)
1558 1248 1646 1309 ad
1693 1266 1942 1308 annum
1991 1250 2152 1324 36οε
2209 1284 2328 1321 ,,-
2380 1245 2540 1310 Gal-

349 1365 573 1426 lorum
651 1362 993 1426 exercitus
1068 1363 1382 1444 proxima
1457 1372 1660 1426 nocte
1738 1362 1991 1425 relictis
2062 1363 2328 1444 trepide
2399 1384 2541 1426 cas-

348 1480 468 1543 tris
547 1517 629 1525 ——
712 1478 860 1554 —'';
942 1478 1064 1542 sed
1132 1479 1291 1541 huic
1361 1478 1552 1542 initio
1622 1479 1973 1542 subtexuit
2041 1478 2540 1542 dimicationem

345 1596 618 1671 Manlii,
682 1615 885 1678 quam
948 1595 1271 1659 Claudius
1332 1596 1421 1658 ad
1482 1615 1730 1658 annum
1794 1601 1918 1676 367
1980 1605 2394 1677 apposuerat
2409 1645 2424 1671 ‚
2472 1605 2542 1659 et

343 1713 479 1775 illis
537 1713 768 1775 verbis
829 1712 1091 1774 addidit
1135 1711 1470 1793 proelium
1518 1713 1864 1794 quoddam
1908 1712 2224 1794 proximo
2270 1733 2448 1775 anno
2496 1732 2537 1773 a

345 1827 638 1892 Servilio
708 1804 1040 1892 dictatore
1118 1837 1354 1891 contra
1422 1826 1660 1891 Gallos
1724 1803 1879 1891 cum
1939 1827 2310 1891 Tiburtinis
2382 1847 2537 1890 con-

343 1946 612 2008 iunctos
680 1954 971 2027 gestum.
1042 1982 1124 1990 --
1197 1943 1521 2007 Claudius
1581 1941 1752 2023 (Liv.
1815 1944 1934 2007 VI.
1999 1939 2109 2022 42)
2166 1942 2537 2008 tradiderat

343 2082 523 2124 anno
595 2065 720 2141 367
795 2062 883 2123 ad
945 2060 1286 2123 Anienem
1349 2080 1791 2143 congressum
1851 2059 2058 2123 fuisse
2076 2109 2090 2135 ,
2150 2060 2236 2122 de
2282 2079 2418 2140 qua
2463 2080 2535 2122 re

342 2177 599 2240 Fabius
661 2177 968 2253 siluerat3
1034 2178 1216 2259 apud
1271 2177 1683 2240 recentiores
1730 2176 1953 2239 fontes
1999 2173 2331 2258 (plerique
2379 2197 2535 2240 auc-

341 2303 527 2357 tores
545 2343 558 2369 ,
645 2293 742 2356 ait
807 2288 1065 2371 Livius)
1135 2313 1455 2356 occursus
1524 2293 1612 2354 ad
1679 2291 1940 2354 Albam
2008 2290 2228 2354 factus
2248 2339 2262 2365 ,
2333 2312 2537 2372 quem

343 2410 552 2473 etiam
616 2409 869 2472 Fabius
914 2418 1413 2471 memoraverat
1460 2408 1582 2471 sed
1628 2409 1719 2470 ad
1764 2427 2012 2470 annum
2061 2412 2187 2485 358
2208 2456 2222 2481 ,
2271 2408 2359 2469 ab
2404 2408 2538 2470 hoc

345 2547 525 2588 anno
602 2536 859 2589 tractus
930 2535 1077 2588 erat
1144 2526 1233 2588 ad
1302 2545 1553 2587 annum
1624 2529 1772 2604 367.
1882 2521 2022 2586 Sed
2089 2525 2200 2586 ne‘
2240 2511 2565 2585 narratio-
2640 2518 2645 2523 ’

343 2641 610 2706 Claudii
655 2643 1054 2724 perderetur
1097 2642 1269 2704 haec
1317 2640 1405 2703 ad
1452 2660 1701 2702 annum
1752 2644 1869 2718 361
1922 2639 2263 2720 adscripta
2295 2649 2414 2701 est.
2452 2676 2532 2684 -——

341 2758 641 2821 Licinius
693 2757 932 2820 Macer
975 2756 1145 2838 (Liv.
1192 2756 1347 2819 VII.
1396 2776 1450 2819 c.
1501 2756 1565 2838 9)
1609 2764 2003 2818 narraverat
2049 2774 2132 2817 eo
2180 2774 2356 2816 anno
2405 2759 2522 2831 361

341 2875 746 2938 dictatorem
794 2883 1097 2937 creatum
1145 2893 1295 2935 esse
1344 2871 1768 2935 comitiorum
1799 2872 2267 2934 habendorum
2293 2890 2533 2943 causa;

338 2989 770 3054 vetustiores
796 2992 1075 3054 annales
1121 2991 1209 3052 de
1256 2990 1588 3053 dictatore
1633 2990 1801 3051 nihil
1847 2989 2208 3051 tradebant
2249 2983 2312 3063 ¹).
2391 2984 2532 3050 Sed

340 3108 432 3171 ex”
478 3107 599 3171 illa
643 3108 886 3171 Licinii
930 3106 1291 3170 traditione
1340 3105 1661 3199 effectum
1709 3125 1859 3168 esse
1906 3105 2204 3179 videtur,
2252 3104 2534 3167 dictato-

338 3245 486 3289 rem
533 3227 623 3288 ob
671 3224 909 3289 Gallos
956 3245 1106 3287 esse
1155 3234 1473 3287 creatum.
1566 3222 1658 3306 (Is
1705 3224 1869 3305 quid
1915 3222 2207 3305 gesserit
2252 3243 2294 3284 a
2337 3219 2535 3283 Livio

339 3343 665 3406 traditum
725 3362 862 3404 non
924 3351 1056 3416 est3
1120 3341 1189 3404 in
1251 3342 1419 3404 actis
1484 3341 1978 3422 triumphorum
2027 3339 2425 3420 Capitolinis
2472 3338 2535 3400 ei

338 3471 415 3524 ut
471 3460 741 3522 videtur
787 3496 869 3505 —-·
919 3451 1328 3540 quamquam
1359 3450 1471 3520 'de
1517 3459 1764 3521 lacuna
1811 3456 2154 3538 explenda
2197 3476 2333 3517 non
2380 3475 2535 3516 con-

340 3586 479 3640 stat
549 3614 631 3622 -—-
700 3575 1078 3657 triumphus
1147 3575 1530 3656 adscriptus
1601 3571 1746 3655 est).
1810 3611 1892 3618 —
1954 3573 2184 3636 Unum
2244 3571 2534 3651 denique

432 3812 473 3894 ¹)
535 3811 660 3872 Liv.
723 3812 860 3870 VII.
918 3830 970 3870 c.
1031 3830 1068 3887 9
1124 3817 1152 3882 ξ
1210 3827 1278 3888 5:
1337 3829 1516 3887 „cum
1573 3807 1973 3882 mentionem,
2023 3806 2246 3884 inquit,
2290 3803 2414 3865 eius
2456 3803 2540 3864 rei

337 3911 546 3993 (quam
602 3913 808 3970 Macer
865 3907 1215 3990 tradiderat)
1270 3908 1334 3968 in
1387 3907 1807 3970 vetustioribus
1849 3906 2154 3968 annalibus
2195 3906 2414 3964 nullam
2457 3902 2541 3963 in-

337 4011 574 4073 veniam
602 4008 805 4089 magis
845 4019 911 4069 ut
953 4008 1089 4070 belli
1131 4008 1344 4068 Gallici
1385 4027 1566 4068 causa
1607 4007 1963 4068 dictatorem
2001 4005 2251 4065 arbitrer
2294 3995 2540 4062 inclinat

343 4110 594 4171 animus,
678 4113 769 4170 Eo
832 4116 981 4168 certe
1042 4128 1199 4167 anno
1257 4107 1411 4168 Galli
1466 4109 1546 4168 ad
1602 4106 1842 4167 tertium
1883 4104 2141 4183 lapidem
2183 4101 2405 4163 Salaria
2444 4101 2541 4161 via

340 4221 504 4269 trans
545 4219 791 4287 pontem
852 4206 1096 4268 Anienis
1159 4218 1356 4267 castra
1408 4206 1727 4268 habuere.”
1819 4205 1911 4263 Ex
1965 4203 2054 4263 his
2093 4200 2340 4263 vocibus
2382 4202 2540 4261 clare

340 4318 593 4386 apparet
664 4306 1013 4368 vetustiores
1082 4307 1321 4365 annales
1384 4304 1604 4365 siluisse
1666 4305 1742 4364 de
1805 4302 2097 4362 dictatore
2158 4299 2535 4360 comitiorum

342 4427 523 4468 causa
565 4416 792 4482 creato,
839 4407 944 4466 sed
991 4405 1170 4465 etiam
1213 4406 1288 4464 de
1330 4404 1623 4464 dictatore
1665 4403 1972 4463 Gallorum
2014 4419 2194 4463 causa
2235 4411 2455 4462 creato.
