3375 5084
1424 337 1543 396 Ι55

390 511 688 575 malitiae
753 531 1022 574 omnem
1080 512 1247 575 belli
1310 510 1729 576 Cleomenici
1785 512 2055 594 culpam
2114 512 2399 576 tribuat:
2446 514 2574 576 hos

392 629 572 691 enim
618 629 911 710 primum
958 649 1113 691 cum
1157 628 1514 711 Antigono
1562 638 1633 692 et
1680 627 2048 692 Cleomene
2078 629 2320 692 foedus
2351 629 2577 693 iniisse

388 745 624 820 tradit,
687 744 819 808 hoc
879 765 1015 808 uno
1072 745 1356 809 consilio
1408 754 1484 808 ut
1529 737 1949 810 Societatem
1993 744 2433 809 Achaeorum
2479 745 2576 808 di-
2649 742 2655 757 “

387 862 726 924 vellerent
741 910 755 936 ,
815 863 946 925 hac
1002 881 1137 923 una
1194 881 1425 936 causa,
1473 861 1642 925 moti
1685 861 1973 925 avaritia
2017 881 2141 925 sua
2188 872 2258 924 et
2304 862 2460 924 odio
2507 861 2577 923 in

387 976 716 1041 Achaeos
763 977 816 1059 ¹).
892 976 1151 1068 ’Paullo
1198 986 1355 1059 post
1401 977 1520 1052 ait,
1566 976 1862 1040 Aratum
1908 975 2297 1041 Aetolorum
2342 977 2575 1058 nequi-

385 1093 553 1156 tiam
624 1103 695 1157 et
762 1093 1120 1156 audaciam
1188 1102 1606 1156 metuentem
1621 1141 1638 1168 ‚
1707 1104 1784 1158 ut
1851 1092 2241 1157 Aetolorum
2304 1093 2582 1157 insidias

388 1219 733 1273 everteret
748 1258 764 1285 ‚
828 1219 1064 1273 contra
1132 1208 1541 1274 Cleomenem
1596 1209 1933 1294 Antigoni
1979 1231 2147 1293 opes
2190 1210 2546 1274 invocasse
2565 1258 2580 1286 ‚

388 1326 622 1408 itaque
670 1325 1108 1390 Cleomenem
1150 1326 1317 1389 nihil
1362 1327 1652 1409 amplius
1699 1347 1904 1410 quam
1949 1327 2358 1391 Aetolorum
2391 1326 2585 1408 quasi

389 1452 814 1525 sequestrem
891 1453 960 1506 et
1034 1443 1410 1507 ministrum
1484 1442 1691 1506 fuisse
1767 1443 2109 1507 insimulat
2147 1442 2208 1525 ²).
2318 1442 2583 1506 Eodem

387 1560 597 1623 modo
642 1560 857 1622 verba
900 1559 1099 1623 Arati
1146 1579 1322 1641 quae
1370 1560 1457 1622 ad
1503 1559 1930 1643 Antigonum
1960 1559 2267 1623 nuntiare
2306 1560 2588 1623 iuvenes

391 1675 1023 1760 Megalopolitanos
1084 1676 1276 1740 iussit
1346 1677 1544 1759 (quae
1613 1696 1779 1739 vere
1838 1676 2044 1739 tradit
2103 1676 2179 1739 P.
2243 1675 2328 1741 H.
2377 1697 2432 1740 c.
2483 1674 2587 1758 49)

388 1794 489 1856 ita
557 1793 884 1857 instructa
951 1803 1106 1857 sunt
1166 1802 1241 1856 ut
1296 1792 1565 1869 Aetoli,
1608 1784 1751 1856 'non
1798 1792 2203 1857 Cleomenes
2219 1841 2235 1867 ,
2282 1792 2583 1856 maxima

390 1910 563 1972 belli
622 1929 781 1991 pars
842 1909 1051 1972 fuisse
1103 1909 1477 1973 videantur.
1529 1947 1610 1954 —
1659 1907 1803 1974 Sed
1848 1919 2076 1972 tamen
2122 1910 2212 1972 ab
2257 1908 2446 1972 initio
2494 1909 2583 1971 ad

389 2022 599 2088 finem
653 2025 819 2088 belli
873 2025 1041 2088 nihil
1086 2035 1654 2107 perpetraverunt
1699 2024 1936 2089 Aetoli
1980 2026 2108 2089 nisi
2153 2045 2332 2109 quae
2377 2044 2583 2107 supra

391 2141 713 2224 exposui3
782 2142 852 2204 id
920 2141 1127 2205 etiam
1187 2141 1445 2205 Aratus
1505 2142 1593 2204 ad
1653 2140 2084 2225 Antigonum
2140 2161 2380 2225 regem
2427 2161 2583 2204 con-

388 2257 614 2321 fessus
691 2268 794 2322 est
846 2256 890 2340 ³)
906 2306 921 2334 ‚
999 2268 1069 2322 et
1142 2258 1211 2321 in
1288 2258 1789 2322 commentariis
1863 2258 2130 2340 scripsit
2183 2257 2227 2340 ⁴)
2244 2307 2259 2334 ,
2330 2277 2580 2340 nempe

394 2373 690 2438 Aetolos
735 2384 1015 2458 propter
1056 2371 1392 2439 beneficia
1422 2373 1864 2437 Achaeorum
1894 2375 2262 2438 admodum
2285 2375 2586 2438 recentia

392 2490 646 2554 bel!um
691 2501 927 2574 aperte
973 2511 1184 2575 agere
1229 2491 1580 2574 puduisse;
1626 2510 1715 2552 ne
1763 2489 2074 2554 conicere
2121 2491 2397 2571 quidem
2426 2509 2581 2572 pos-

395 2627 628 2671 sumus
674 2608 835 2691 quid
881 2608 1213 2690 Polybius
1257 2608 1552 2671 voluerit
1596 2626 1751 2671 cum
1783 2607 2042 2671 diceret
2071 2605 2365 2670 Aetolos
2387 2626 2580 2688 prae-

394 2734 502 2788 ter
568 2725 702 2787 alia
768 2746 891 2789 sua
947 2724 1247 2789 facinora
1315 2724 1492 2808 (πρὸς
1562 2733 1700 2800 τοῖς
1767 2719 2017 2807 ἄλλοις)
2084 2723 2585 2804 Thermopylas

398 2841 720 2905 clausisse
766 2841 872 2925 (II.
924 2863 1000 2920 52
1053 2847 1084 2919 ἓ
1135 2842 1212 2924 8).
1261 2879 1343 2886 ——
1393 2840 1651 2905 Aratus
1697 2842 1830 2904 hoc
1876 2840 2083 2915 modo
2128 2838 2273 2902 fere
2316 2839 2585 2905 ratioci-

395 2967 595 3020 natus
641 2967 776 3021 est:
832 2956 1106 3033 „Aetoli
1152 2957 1353 3021 insita
1396 2957 1700 3040 nequitia
1745 2966 1816 3020 et
1847 2956 2132 3020 avaritia
2150 3004 2164 3031 ‚
2198 2954 2405 3018 etiam
2429 2955 2585 3017 odio
2652 2990 2655 2991 ν

397 3071 837 3136 Achaeorum
854 3121 869 3149 ‚
938 3074 1166 3137 omnia
1233 3073 1540 3137 fecerunt
1599 3082 1676 3136 ut
1738 3073 2136 3137 societatem
2210 3070 2588 3135 Achaicam

400 3199 787 3253 everterent
802 3239 817 3266 ,
889 3200 960 3254 et
1027 3190 1098 3253 id
1159 3187 1432 3273 quidem
1492 3200 1650 3273 post
1712 3199 1854 3253 tam
1910 3189 2212 3253 recentia
2255 3185 2589 3252 beneficia

398 3306 488 3368 ab
575 3305 878 3370 Achaeis
966 3317 1297 3389 accepta;
1374 3308 1542 3370 nihil
1618 3307 1895 3388 quidem
1969 3306 2277 3370 fecerunt
2354 3314 2590 3368 contra

403 3421 727 3486 Achaeos
745 3473 761 3506 ‚
834 3444 988 3488 cum
1050 3424 1185 3487 illis
1243 3422 1593 3487 beneficiis
1637 3424 2160 3506 prohiberentur
2176 3471 2191 3499 ‚
2238 3423 2361 3486 sed
2408 3421 2590 3484 domi

411 3627 773 3635 ——-————

482 3782 528 3865 ¹)
581 3786 648 3843 P.
705 3786 784 3844 II.
842 3805 895 3846 e.
953 3802 1028 3863 45
1087 3793 1116 3858 ἓ
1176 3805 1203 3844 1
1229 3807 1252 3851 t,
1285 3784 1367 3848 ’A.
1408 3788 1500 3846 διὰ
1535 3790 1630 3850 τὴν
1668 3787 1886 3865 ἔμφυτον
1922 3787 2135 3844 ἀδικίαν
2173 3787 2262 3842 καὶ
2298 3787 2595 3852 πλεονεξίαν

392 3892 778 3966 φθονήσαντες,
844 3887 904 3945 τὸ
972 3889 1031 3946 δὲ
1095 3890 1271 3946 πλεῖον
1340 3889 1640 3952 ἐλπίσαντες
1694 3887 2106 3944 καταδιελέσθαι
2152 3884 2246 3949 τὰς
2301 3885 2471 3947 πόλεις
2518 3913 2596 3922 -

393 3987 764 4063 ἀπετόλμησαν
806 4017 883 4027 --
921 3996 1175 4045 κοινωνεῖν
1213 3989 1482 4064 Κλεομένει
1517 3988 1605 4043 καὶ
1640 3979 1944 4061 Ἀντιγόνῳ.

479 4079 543 4162 2)
571 4083 637 4139 Ρ.
682 4083 759 4141 Π.
805 4102 855 4140 c.
901 4098 975 4156 47
1020 4089 1048 4153 ἓ
1089 4102 1158 4155 4:
1204 4085 1387 4150 δεδιὼς
1420 4086 1517 4143 τὴν
1554 4092 1655 4139 τῶν
1695 4084 1934 4140 Αἰτωλῶν
1973 4084 2224 4141 ἀπόνοιαν
2261 4082 2350 4138 καὶ
2374 4082 2593 4158 τόλμαν,

398 4184 560 4262 ἔκρινε
595 4184 695 4261 πρὸ
732 4186 930 4243 πολλοῦ
970 4187 1317 4262 λυμαίνεσθαι
1354 4185 1448 4245 τὴν
1486 4182 1736 4259 ἐπιβολὴν
1774 4184 1965 4239 αὐτῶν.

486 4276 534 4360 3)
575 4281 640 4338 P·
684 4281 761 4339 11.
807 4299 885 4356 49
927 4287 956 4352 ἓ
1001 4296 1053 4355 7·

485 4377 537 4459 4)
575 4380 642 4437 P.
686 4381 763 4438 ΙΙ.
809 4380 885 4451 46
929 4386 957 4450 ἓ
1005 4399 1055 4437 1.
