3375 5084
1797 325 1879 381 ὁὸ

752 515 1118 576 memoriae
1165 513 1456 576 traditae
1506 523 1749 575 essent.
1820 512 1963 574 Eae
1997 513 2391 575 traditiones
2432 513 2935 587 „authenticae”

750 650 913 693 sane
958 649 1245 711 parvum
1291 628 1518 690 locum
1565 638 1902 709 occupant
1946 628 2016 689 in
2060 629 2249 690 libris
2294 628 2473 690 Livii
2512 628 2935 711 aliorumque

746 747 862 828 qui
941 746 1139 808 nobis
1214 755 1612 827 supersunt;
1688 745 2015 825 numquid
2089 755 2362 826 praeter
2436 746 2586 827 ipsa
2661 748 2935 808 nomina

744 863 1262 945 magistratuum
1324 861 1653 927 eiusmodi
1719 860 2018 923 fontibus
2064 862 2356 924 adscribi
2402 863 2619 943 possit
2634 911 2650 935 ‚
2698 863 2932 943 paullo

747 989 905 1061 post
951 978 1463 1060 explicabimus,

835 1096 946 1158 De
1014 1092 1292 1157 th'lzm‘
1351 1094 1794 1176 Agrigentini
1863 1096 2072 1175 opere
2142 1094 2310 1156 nihil
2379 1095 2575 1156 nobis
2644 1095 2934 1159 innotuit

744 1213 871 1274 nisi
944 1212 1128 1293 quod
1197 1232 1235 1273 e
1306 1211 1474 1274 locis
1534 1211 1809 1292 Polybii
1868 1211 1916 1272 I.
1990 1233 2098 1288 14;
2160 1209 2210 1272 Ι.
2284 1231 2393 1288 15;
2453 1211 2571 1273 III.
2624 1217 2705 1274 26
2755 1211 2933 1275 effici

744 1329 976 1410 possit.
1077 1328 1157 1389 In
1223 1328 1522 1390 secundo
1593 1327 1766 1388 libro
1839 1327 1985 1408 egit
2044 1327 2130 1388 de
2193 1327 2413 1389 causis
2472 1327 2638 1390 belli
2696 1328 2938 1391 Punici

744 1445 944 1526 primi
990 1454 1061 1506 et
1105 1442 1380 1505 foedere
1426 1463 1468 1503 a
1509 1442 1847 1505 Romanis
1894 1443 2169 1505 violato,
2238 1442 2541 1504 Dubium
2574 1454 2678 1506 est
2708 1454 2934 1506 utrum

745 1561 917 1623 haec
988 1580 1071 1621 eo
1138 1559 1294 1622 loco
1359 1560 1649 1640 primum
1717 1559 2093 1621 narraverit
2162 1568 2233 1622 et
2299 1560 2367 1620 in
2436 1561 2781 1641 superiore
2847 1562 2936 1623 de

739 1677 949 1765 „rebus
1018 1686 1221 1738 antea
1291 1675 1506 1757 gestis
1569 1676 1821 1756 egerit,
1885 1696 1971 1736 an
2033 1695 2116 1737 ea
2179 1675 2575 1756 repetiverit
2622 1697 2661 1737 e
2707 1676 2935 1758 priore

749 1794 940 1855 libro.
1033 1793 1212 1854 Illud
1270 1792 1629 1882 probabile
1692 1793 1962 1854 videtur
1980 1841 1993 1865 ,
2058 1791 2218 1872 quia
2274 1792 2343 1853 in
2399 1791 2590 1854 initio
2636 1792 2790 1855 libri
2835 1815 2938 1856 se-

751 1909 982 1982 cundi,
1045 1928 1180 1989 quo
1243 1908 1449 1970 etiam
1494 1908 1713 1989 ipsam
1758 1907 2103 1988 propriam
2148 1908 2603 1983 narrationem
2651 1929 2937 1971 exorsus

752 2034 855 2105 est
901 2023 994 2106 (P.
1041 2023 1091 2085 I.
1148 2043 1220 2100 15
1273 2027 1303 2098 §
1361 2045 1424 2084 1:
1475 2019 1746 2095 Φιλῖνος
1795 2025 2143 2108 (ἐρχόμενος
2193 2022 2326 2102 ἅμα
2369 2031 2499 2087 τῶν
2537 2024 2934 2106 πραγμάτων

752 2142 860 2201 καὶ
927 2151 1036 2219 τῆς
1103 2136 1406 2221 δευτέρου
1461 2135 1720 2222 βίβλου)
1774 2138 2063 2220 primum
2108 2159 2380 2200 narrare
2426 2140 2712 2203 instituit
2759 2142 2936 2203 obsi-

750 2255 1021 2317 dionem
1078 2254 1437 2316 Messenae
1495 2256 1584 2316 ab
1631 2253 1934 2315 Hierone
1980 2253 2248 2316 factam.
2341 2254 2639 2316 Primum
2686 2255 2936 2317 librum

750 2372 982 2433 datum
1041 2369 1247 2433 fuisse
1309 2370 1613 2451 suspicor
1668 2370 2036 2432 narrationi
2093 2370 2494 2433 conditionis
2540 2371 2724 2432 urbis
2772 2370 2934 2434 Car-

749 2487 1193 2569 thaginiensis
1274 2497 1345 2549 et
1411 2506 1636 2548 rerum
1707 2486 2029 2567 deinceps
2097 2472 2446 2567 *gestarum
2463 2535 2477 2561 ,
2546 2487 2642 2549 ita
2709 2497 2783 2549 ut
2855 2508 2943 2549 ea

747 2614 1070 2684 tanquam
1130 2603 1723 2684 praeparationem
1780 2602 2256 2683 praemisisset.
2348 2602 2406 2663 E
2453 2602 2759 2664 Diodoro
2806 2603 2939 2665 dis-

749 2720 961 2782 cimus
1040 2719 1300 2781 bellum
1367 2719 1656 2799 primum
1724 2718 2055 2780 Punicum
2126 2718 2215 2779 ab
2286 2738 2369 2779 eo
2439 2718 2716 2799 copiose
2786 2738 2940 2780 esse

746 2844 1108 2897 narratum.
1204 2834 1534 2915 Polybius
1594 2834 1645 2896 Ι.
1708 2854 1785 2912 57
1850 2834 2101 2896 omittit
2144 2835 2603 2896 narrationem
2648 2835 2940 2916 praelio-

747 2972 897 3013 rum
980 2951 1225 3032 quibus
1294 2950 1512 3011 Poeni
1580 2951 1649 3011 in
1717 2936 2003 3012 Heircta
2072 2950 2312 3012 inclusi
2381 2970 2535 3012 cum
2604 2950 2942 3013 Romanis

750 3067 1056 3148 quotidie·
1096 3086 1335 3127 manus
1381 3076 1897 3128 conseruerunt:
1947 3069 2062 3139 τὰς
2108 3070 2229 3148 μὲν
2280 3069 2399 3145 γὰρ
2453 3067 2671 3141 αἰτίας
2712 3073 2754 3149 ἡ·
2789 3070 2938 3140 τούς

751 3189 1060 3267 τρόπους,
1113 3180 1201 3244 δι’
1251 3167 1344 3244 ὧν
1393 3180 1521 3247 οένὰ
1570 3184 1846 3263 ἑκάστην
1895 3181 2139 3266 ἡμέραν
2178 3186 2515 3248 ἐποιοῦντο
2552 3182 2699 3248 κατ’
2734 3180 2939 3264 ‹imq-

753 3295 880 3361 λων
940 3296 1244 3379 ἐνέδρας,
1295 3297 1732 3377 ἅντενέδρας,
1786 3297 2149 3377 ἐπιθέσεις,
2199 3300 2600 3382 προςβολάς,
2653 3298 2791 3365 οὔτ’
2851 3304 2939 3364 ἂν

750 3416 786 3476 ό
861 3421 1121 3496 γράφων
1205 3416 1754 3496 ἐξαριθμούμενος
1835 3418 2161 3497 ἐφίκοιτο,
2242 3421 2378 3490 τοῖς
2452 3413 2510 3476 τ’
2588 3415 2938 3482 ἀκούουσιν

752 3530 1152 3613 ἀπέραντος,
1202 3532 1336 3615 ἅμα
1387 3530 1784 3613 δὀἒνωφελὴς
1834 3539 1919 3597 ἂν
1957 3533 2024 3593 ἐκ
2060 3537 2170 3612 τῆς
2197 3535 2625 3610 ἀναγνώσεως
2654 3536 2941 3614 κρίνοιτο

755 3648 991 3732 χρεία.”
1083 3648 1192 3710 Ex
1256 3648 1360 3711 his
1431 3661 1849 3730 cognoscere
1920 3649 2083 3710 mihi
2154 3648 2393 3710 videor
2457 3650 2822 3731 Polybium
2883 3649 2944 3711 si

752 3764 1081 3827 voluisset
1138 3765 1295 3846 plus
1355 3766 1441 3827 de
1504 3765 1601 3826 eis
1659 3765 1938 3846 proeliis
1984 3764 2283 3827 scribere
2328 3766 2632 3846 potuisse
2650 3814 2664 3836 ‚
2712 3785 2945 3846 quam-

752 3901 954 3962 quam
998 3901 1085 3943 ne
1132 3881 1437 3943 Philinus
1477 3881 1750 3962 quidem
1783 3902 1866 3944 ea
1898 3881 2123 3943 omnia
2160 3881 2363 3962 plene
2389 3882 2942 3944 enumeravisset.

754 3995 896 4060 Sed
966 4017 1004 4058 e
1052 3970 1323 4058 Philino
1374 3980 1607 4060 didicit
1652 3998 1954 4078 quotidie
2002 3996 2144 4059 fere
2192 3997 2286 4059 ibi
2330 4007 2712 4080 pugnatum
2759 4017 2910 4059 esse
2930 4048 2946 4072 ‚

753 4122 823 4175 et
885 4113 942 4174 is
1008 4123 1193 4176 certe
1258 4113 1515 4194 aliquot
1561 4113 1825 4194 proelia
1868 4112 2199 4193 prolixius
2246 4122 2680 4176 enarraverat
2697 4162 2711 4188 ,
2759 4114 2949 4194 quod

755 4229 1086 4311 Polybius
1131 4250 1256 4311 pro
1303 4230 1655 4311 proposito
1703 4250 1825 4291 suo
1871 4249 2007 4292 non
2053 4249 2303 4311 operae
2352 4251 2501 4293 esse
2549 4231 2759 4293 duxit.

845 4345 1097 4408 Fabius
1145 4356 1214 4408 et
1259 4347 1565 4408 Philinus
1612 4355 1841 4407 autem
1887 4346 2280 4426 saepissime
2328 4347 2596 4409 diversa
2633 4348 2909 4409 tradunt
2929 4395 2946 4421 ‚
