<?xml version="1.0" encoding="UTF-8"?>
<!DOCTYPE html PUBLIC "-//W3C//DTD XHTML 1.0 Transitional//EN"
    "http://www.w3.org/TR/xhtml1/DTD/xhtml1-transitional.dtd">
<html xmlns="http://www.w3.org/1999/xhtml" xml:lang="en" lang="en">
 <head>
  <title>
</title>
<meta http-equiv="Content-Type" content="text/html;charset=utf-8" />
  <meta name='ocr-system' content='tesseract 3.04.00' />
  <meta name='ocr-capabilities' content='ocr_page ocr_carea ocr_par ocr_line ocrx_word'/>
</head>
<body>
  <div class='ocr_page' id='page_1' title='image "./depolybiifontib00wetegoog_0196.png"; bbox 0 0 3375 5084; ppageno 0'>
   <div class='ocr_carea' id='block_1_1' title="bbox 1864 281 1984 351">
    <p class='ocr_par' dir='ltr' id='par_1_1' title="bbox 1864 281 1984 351">
     <span class='ocr_line' id='line_1_1' title="bbox 1864 281 1984 351; baseline 0.017 -16"><span class='ocrx_word' id='word_1_1' title='bbox 1864 281 1984 351; x_wconf 85' lang='lat'>184</span> 
     </span>
    </p>
   </div>
   <div class='ocr_carea' id='block_1_2' title="bbox 796 466 3065 3783">
    <p class='ocr_par' dir='ltr' id='par_1_2' title="bbox 796 466 3065 2514">
     <span class='ocr_line' id='line_1_2' title="bbox 834 466 3016 547; baseline 0 -21"><span class='ocrx_word' id='word_1_2' title='bbox 834 467 1042 547; x_wconf 91' lang='lat' dir='ltr'>longe</span> <span class='ocrx_word' id='word_1_3' title='bbox 1116 474 1347 528; x_wconf 90' lang='lat' dir='ltr'>tamen</span> <span class='ocrx_word' id='word_1_4' title='bbox 1415 468 1590 529; x_wconf 91' lang='lat' dir='ltr'>inter</span> <span class='ocrx_word' id='word_1_5' title='bbox 1657 467 1830 529; x_wconf 86' lang='lat' dir='ltr'>alios</span> <span class='ocrx_word' id='word_1_6' title='bbox 1891 467 2246 541; x_wconf 85' lang='lat' dir='ltr'>excelluit;</span> <span class='ocrx_word' id='word_1_7' title='bbox 2305 468 2363 529; x_wconf 93' lang='lat' dir='ltr'>is</span> <span class='ocrx_word' id='word_1_8' title='bbox 2424 467 2627 529; x_wconf 90' lang='lat' dir='ltr'>etiam</span> <span class='ocrx_word' id='word_1_9' title='bbox 2685 466 3016 527; x_wconf 90' lang='lat' dir='ltr'>interdum</span> 
     </span>
     <span class='ocr_line' id='line_1_3' title="bbox 796 581 3018 663; baseline -0 -21"><span class='ocrx_word' id='word_1_10' title='bbox 796 632 801 636; x_wconf 86' lang='lat'>.</span> <span class='ocrx_word' id='word_1_11' title='bbox 834 601 988 642; x_wconf 92' lang='lat' dir='ltr'>cum</span> <span class='ocrx_word' id='word_1_12' title='bbox 1065 581 1282 644; x_wconf 88' lang='lat' dir='ltr'>altera</span> <span class='ocrx_word' id='word_1_13' title='bbox 1356 592 1550 662; x_wconf 92' lang='lat' dir='ltr'>parte</span> <span class='ocrx_word' id='word_1_14' title='bbox 1626 582 1826 644; x_wconf 88' lang='lat' dir='ltr'>fecit:</span> <span class='ocrx_word' id='word_1_15' title='bbox 1912 583 2008 645; x_wconf 94' lang='lat' dir='ltr'>sic</span> <span class='ocrx_word' id='word_1_16' title='bbox 2095 582 2239 645; x_wconf 94' lang='lat' dir='ltr'>eius</span> <span class='ocrx_word' id='word_1_17' title='bbox 2313 582 2737 663; x_wconf 92' lang='lat' dir='ltr'>potissimum</span> <span class='ocrx_word' id='word_1_18' title='bbox 2812 600 3018 661; x_wconf 88' lang='lat' dir='ltr'>opera</span> 
     </span>
     <span class='ocr_line' id='line_1_4' title="bbox 829 698 3016 781; baseline 0 -23"><span class='ocrx_word' id='word_1_19' title='bbox 829 698 1090 759; x_wconf 88' lang='lat' dir='ltr'>Rhodii</span> <span class='ocrx_word' id='word_1_20' title='bbox 1155 718 1212 760; x_wconf 96' lang='lat' dir='ltr'>a.</span> <span class='ocrx_word' id='word_1_21' title='bbox 1282 704 1399 778; x_wconf 83' lang='lat'>167</span> <span class='ocrx_word' id='word_1_22' title='bbox 1448 699 1708 760; x_wconf 92' lang='lat' dir='ltr'>bellum</span> <span class='ocrx_word' id='word_1_23' title='bbox 1756 698 2141 781; x_wconf 88' lang='lat' dir='ltr'>effugerunt</span> <span class='ocrx_word' id='word_1_24' title='bbox 2189 699 2223 780; x_wconf 89' lang='lat'>¹)</span> <span class='ocrx_word' id='word_1_25' title='bbox 2240 721 2254 773; x_wconf 92' lang='grc'>;</span> <span class='ocrx_word' id='word_1_26' title='bbox 2300 719 2522 779; x_wconf 90' lang='lat' dir='ltr'>neque</span> <span class='ocrx_word' id='word_1_27' title='bbox 2541 748 2554 773; x_wconf 88' lang='lat'><strong>,</strong></span> <span class='ocrx_word' id='word_1_28' title='bbox 2602 709 2676 760; x_wconf 92' lang='lat' dir='ltr'>ut</span> <span class='ocrx_word' id='word_1_29' title='bbox 2721 698 3016 770; x_wconf 86' lang='lat' dir='ltr'>videtur,</span> 
     </span>
     <span class='ocr_line' id='line_1_5' title="bbox 830 794 3065 896; baseline 0 -22"><span class='ocrx_word' id='word_1_30' title='bbox 830 813 1077 875; x_wconf 83' lang='lat' dir='ltr'><strong>restitit</strong></span> <span class='ocrx_word' id='word_1_31' title='bbox 1145 812 1447 876; x_wconf 91' lang='lat' dir='ltr'>Aemilio</span> <span class='ocrx_word' id='word_1_32' title='bbox 1516 815 1761 876; x_wconf 86' lang='lat' dir='ltr'>Paullo</span> <span class='ocrx_word' id='word_1_33' title='bbox 1831 815 1946 896; x_wconf 90' lang='lat' dir='ltr'>qui</span> <span class='ocrx_word' id='word_1_34' title='bbox 2014 815 2491 877; x_wconf 90' lang='lat' dir='ltr'>Macedoniam</span> <span class='ocrx_word' id='word_1_35' title='bbox 2552 794 3065 875; x_wconf 42' lang='lat' dir='ltr'>administrans*</span> 
     </span>
     <span class='ocr_line' id='line_1_6' title="bbox 832 925 3023 1010; baseline -0.001 -20"><span class='ocrx_word' id='word_1_36' title='bbox 832 929 1132 1009; x_wconf 91' lang='lat' dir='ltr'>speciem</span> <span class='ocrx_word' id='word_1_37' title='bbox 1181 938 1249 991; x_wconf 91' lang='lat' dir='ltr'>et</span> <span class='ocrx_word' id='word_1_38' title='bbox 1294 925 1543 992; x_wconf 90' lang='lat' dir='ltr'>nomen</span> <span class='ocrx_word' id='word_1_39' title='bbox 1587 930 1922 993; x_wconf 81' lang='lat' dir='ltr'>libertatis</span> <span class='ocrx_word' id='word_1_40' title='bbox 1969 931 2032 992; x_wconf 92' lang='lat' dir='ltr'>ei</span> <span class='ocrx_word' id='word_1_41' title='bbox 2062 930 2434 993; x_wconf 73' lang='lat' dir='ltr'>vindicavit</span> <span class='ocrx_word' id='word_1_42' title='bbox 2467 928 2528 1010; x_wconf 81' lang='lat'>2).</span> <span class='ocrx_word' id='word_1_43' title='bbox 2584 926 2725 992; x_wconf 90' lang='lat' dir='ltr'>Sed</span> <span class='ocrx_word' id='word_1_44' title='bbox 2753 938 3023 1008; x_wconf 88' lang='lat' dir='ltr'>praeter</span> 
     </span>
     <span class='ocr_line' id='line_1_7' title="bbox 836 1041 3021 1126; baseline -0.001 -21"><span class='ocrx_word' id='word_1_45' title='bbox 836 1044 1164 1106; x_wconf 88' lang='lat' dir='ltr'>Catonem</span> <span class='ocrx_word' id='word_1_46' title='bbox 1230 1065 1314 1106; x_wconf 91' lang='lat' dir='ltr'>ea</span> <span class='ocrx_word' id='word_1_47' title='bbox 1357 1064 1517 1126; x_wconf 91' lang='lat' dir='ltr'>pars</span> <span class='ocrx_word' id='word_1_48' title='bbox 1565 1066 1740 1126; x_wconf 90' lang='lat' dir='ltr'>quae</span> <span class='ocrx_word' id='word_1_49' title='bbox 1786 1055 1930 1108; x_wconf 89' lang='lat' dir='ltr'>tum</span> <span class='ocrx_word' id='word_1_50' title='bbox 1973 1044 2044 1106; x_wconf 91' lang='lat' dir='ltr'>in</span> <span class='ocrx_word' id='word_1_51' title='bbox 2088 1042 2348 1108; x_wconf 85' lang='lat' dir='ltr'>Senatu</span> <span class='ocrx_word' id='word_1_52' title='bbox 2390 1044 2759 1124; x_wconf 89' lang='lat' dir='ltr'>superabat</span> <span class='ocrx_word' id='word_1_53' title='bbox 2800 1041 3021 1102; x_wconf 93' lang='lat' dir='ltr'>nullos</span> 
     </span>
     <span class='ocr_line' id='line_1_8' title="bbox 832 1159 3021 1242; baseline -0.002 -21"><span class='ocrx_word' id='word_1_54' title='bbox 832 1160 986 1222; x_wconf 89' lang='lat' dir='ltr'>tulit</span> <span class='ocrx_word' id='word_1_55' title='bbox 1051 1161 1352 1242; x_wconf 83' lang='lat' dir='ltr'>insignes</span> <span class='ocrx_word' id='word_1_56' title='bbox 1414 1161 1614 1224; x_wconf 69' lang='lat' dir='ltr'>viros</span> <span class='ocrx_word' id='word_1_57' title='bbox 1706 1160 1938 1223; x_wconf 91' lang='lat' dir='ltr'>Duces</span> <span class='ocrx_word' id='word_1_58' title='bbox 1997 1160 2293 1241; x_wconf 88' lang='lat' dir='ltr'>imperiti</span> <span class='ocrx_word' id='word_1_59' title='bbox 2351 1159 2532 1221; x_wconf 91' lang='lat' dir='ltr'>male</span> <span class='ocrx_word' id='word_1_60' title='bbox 2588 1178 2697 1220; x_wconf 89' lang='lat' dir='ltr'>res</span> <span class='ocrx_word' id='word_1_61' title='bbox 2742 1164 2991 1239; x_wconf 92' lang='lat' dir='ltr'>gerunt</span> <span class='ocrx_word' id='word_1_62' title='bbox 3007 1177 3021 1229; x_wconf 93' lang='lat'>;</span> 
     </span>
     <span class='ocr_line' id='line_1_9' title="bbox 832 1272 3022 1357; baseline -0.001 -20"><span class='ocrx_word' id='word_1_63' title='bbox 832 1277 949 1338; x_wconf 94' lang='lat' dir='ltr'>ubi</span> <span class='ocrx_word' id='word_1_64' title='bbox 993 1276 1230 1339; x_wconf 90' lang='lat' dir='ltr'>fraude</span> <span class='ocrx_word' id='word_1_65' title='bbox 1277 1278 1546 1340; x_wconf 81' lang='lat' dir='ltr'>hostem</span> <span class='ocrx_word' id='word_1_66' title='bbox 1591 1277 1865 1340; x_wconf 85' lang='lat' dir='ltr'>vincere</span> <span class='ocrx_word' id='word_1_67' title='bbox 1911 1297 2048 1339; x_wconf 90' lang='lat' dir='ltr'>non</span> <span class='ocrx_word' id='word_1_68' title='bbox 2091 1287 2375 1357; x_wconf 89' lang='lat' dir='ltr'>possunt</span> <span class='ocrx_word' id='word_1_69' title='bbox 2391 1324 2405 1351; x_wconf 91' lang='lat'><strong>,</strong></span> <span class='ocrx_word' id='word_1_70' title='bbox 2452 1275 2618 1337; x_wconf 90' lang='lat' dir='ltr'>nihil</span> <span class='ocrx_word' id='word_1_71' title='bbox 2662 1272 3022 1355; x_wconf 87' lang='lat' dir='ltr'>proficiunt</span> 
     </span>
     <span class='ocr_line' id='line_1_10' title="bbox 833 1388 3021 1473; baseline -0.001 -20"><span class='ocrx_word' id='word_1_72' title='bbox 833 1401 902 1454; x_wconf 90' lang='lat' dir='ltr'>et</span> <span class='ocrx_word' id='word_1_73' title='bbox 961 1412 1106 1454; x_wconf 88' lang='lat' dir='ltr'>rem</span> <span class='ocrx_word' id='word_1_74' title='bbox 1166 1392 1555 1454; x_wconf 85' lang='lat' dir='ltr'>Romanam</span> <span class='ocrx_word' id='word_1_75' title='bbox 1611 1393 1680 1454; x_wconf 92' lang='lat' dir='ltr'>in</span> <span class='ocrx_word' id='word_1_76' title='bbox 1736 1403 2115 1455; x_wconf 81' lang='lat' dir='ltr'>extremum</span> <span class='ocrx_word' id='word_1_77' title='bbox 2160 1391 2538 1473; x_wconf 89' lang='lat' dir='ltr'>periculum</span> <span class='ocrx_word' id='word_1_78' title='bbox 2583 1391 2850 1452; x_wconf 92' lang='lat' dir='ltr'>ducunt.</span> <span class='ocrx_word' id='word_1_79' title='bbox 2942 1388 3021 1449; x_wconf 90' lang='lat' dir='ltr'>In</span> 
     </span>
     <span class='ocr_line' id='line_1_11' title="bbox 832 1503 3023 1590; baseline -0.002 -22"><span class='ocrx_word' id='word_1_80' title='bbox 832 1507 954 1569; x_wconf 88' lang='lat' dir='ltr'>tali</span> <span class='ocrx_word' id='word_1_81' title='bbox 1001 1507 1382 1570; x_wconf 88' lang='lat' dir='ltr'>discrimine</span> <span class='ocrx_word' id='word_1_82' title='bbox 1428 1508 1555 1570; x_wconf 89' lang='lat' dir='ltr'>viri</span> <span class='ocrx_word' id='word_1_83' title='bbox 1602 1508 1871 1590; x_wconf 85' lang='lat' dir='ltr'>egregii</span> <span class='ocrx_word' id='word_1_84' title='bbox 1917 1507 2192 1569; x_wconf 87' lang='lat' dir='ltr'>alterius</span> <span class='ocrx_word' id='word_1_85' title='bbox 2237 1506 2449 1587; x_wconf 90' lang='lat' dir='ltr'>partis</span> <span class='ocrx_word' id='word_1_86' title='bbox 2466 1554 2480 1581; x_wconf 91' lang='lat'><strong>,</strong></span> <span class='ocrx_word' id='word_1_87' title='bbox 2511 1504 2709 1567; x_wconf 92' lang='lat' dir='ltr'>Aem.</span> <span class='ocrx_word' id='word_1_88' title='bbox 2741 1503 3023 1565; x_wconf 90' lang='lat' dir='ltr'>Paullus</span> 
     </span>
     <span class='ocr_line' id='line_1_12' title="bbox 830 1618 3020 1702; baseline -0.001 -18"><span class='ocrx_word' id='word_1_89' title='bbox 830 1623 899 1684; x_wconf 93' lang='lat' dir='ltr'>in</span> <span class='ocrx_word' id='word_1_90' title='bbox 944 1625 1131 1685; x_wconf 91' lang='lat' dir='ltr'>bello</span> <span class='ocrx_word' id='word_1_91' title='bbox 1177 1625 1484 1700; x_wconf 91' lang='lat' dir='ltr'>Persico,</span> <span class='ocrx_word' id='word_1_92' title='bbox 1530 1625 1600 1687; x_wconf 91' lang='lat' dir='ltr'>in</span> <span class='ocrx_word' id='word_1_93' title='bbox 1638 1625 1832 1687; x_wconf 91' lang='lat' dir='ltr'>bello</span> <span class='ocrx_word' id='word_1_94' title='bbox 1877 1624 2136 1686; x_wconf 92' lang='lat' dir='ltr'>Punico</span> <span class='ocrx_word' id='word_1_95' title='bbox 2181 1623 2380 1686; x_wconf 86' lang='lat' dir='ltr'>tertio</span> <span class='ocrx_word' id='word_1_96' title='bbox 2427 1623 2502 1685; x_wconf 89' lang='lat' dir='ltr'>P.</span> <span class='ocrx_word' id='word_1_97' title='bbox 2550 1619 2809 1702; x_wconf 90' lang='lat' dir='ltr'>Scipi0,</span> <span class='ocrx_word' id='word_1_98' title='bbox 2854 1618 3020 1682; x_wconf 88' lang='lat' dir='ltr'>infa-</span> 
     </span>
     <span class='ocr_line' id='line_1_13' title="bbox 833 1735 3026 1803; baseline -0.002 -2"><span class='ocrx_word' id='word_1_99' title='bbox 833 1740 1039 1801; x_wconf 91' lang='lat' dir='ltr'>miam</span> <span class='ocrx_word' id='word_1_100' title='bbox 1115 1761 1157 1802; x_wconf 93' lang='lat' dir='ltr'>a</span> <span class='ocrx_word' id='word_1_101' title='bbox 1231 1741 1501 1803; x_wconf 92' lang='lat' dir='ltr'>nomine</span> <span class='ocrx_word' id='word_1_102' title='bbox 1575 1741 1899 1803; x_wconf 90' lang='lat' dir='ltr'>Romano</span> <span class='ocrx_word' id='word_1_103' title='bbox 1969 1750 2331 1803; x_wconf 89' lang='lat' dir='ltr'>arcuerunt</span> <span class='ocrx_word' id='word_1_104' title='bbox 2398 1749 2470 1802; x_wconf 90' lang='lat' dir='ltr'>et</span> <span class='ocrx_word' id='word_1_105' title='bbox 2534 1737 2908 1801; x_wconf 88' lang='lat' dir='ltr'>victoriam·</span> <span class='ocrx_word' id='word_1_106' title='bbox 2964 1735 3026 1797; x_wconf 91' lang='lat' dir='ltr'>ei</span> 
     </span>
     <span class='ocr_line' id='line_1_14' title="bbox 835 1852 3029 1935; baseline -0.001 -19"><span class='ocrx_word' id='word_1_107' title='bbox 835 1855 1289 1918; x_wconf 89' lang='lat' dir='ltr'>reddiderunt.</span> <span class='ocrx_word' id='word_1_108' title='bbox 1382 1854 1524 1919; x_wconf 89' lang='lat' dir='ltr'>Sed</span> <span class='ocrx_word' id='word_1_109' title='bbox 1582 1856 1783 1919; x_wconf 91' lang='lat' dir='ltr'>Aem.</span> <span class='ocrx_word' id='word_1_110' title='bbox 1845 1856 2126 1918; x_wconf 92' lang='lat' dir='ltr'>Paullus</span> <span class='ocrx_word' id='word_1_111' title='bbox 2190 1876 2437 1918; x_wconf 86' lang='lat' dir='ltr'>cavere</span> <span class='ocrx_word' id='word_1_112' title='bbox 2496 1873 2633 1916; x_wconf 90' lang='lat' dir='ltr'>non</span> <span class='ocrx_word' id='word_1_113' title='bbox 2676 1852 2902 1935; x_wconf 86' lang='lat' dir='ltr'>potuit</span> <span class='ocrx_word' id='word_1_114' title='bbox 2945 1872 3029 1913; x_wconf 90' lang='lat' dir='ltr'>ne</span> 
     </span>
     <span class='ocr_line' id='line_1_15' title="bbox 836 1969 3034 2051; baseline -0.001 -19"><span class='ocrx_word' id='word_1_115' title='bbox 836 1972 967 2034; x_wconf 93' lang='lat' dir='ltr'>hac</span> <span class='ocrx_word' id='word_1_116' title='bbox 1014 1971 1301 2033; x_wconf 89' lang='lat' dir='ltr'>victoria</span> <span class='ocrx_word' id='word_1_117' title='bbox 1344 1972 1704 2034; x_wconf 85' lang='lat' dir='ltr'>immodice</span> <span class='ocrx_word' id='word_1_118' title='bbox 1736 1981 2038 2034; x_wconf 91' lang='lat' dir='ltr'>uteretur</span> <span class='ocrx_word' id='word_1_119' title='bbox 2069 1969 2380 2034; x_wconf 81' lang='lat' dir='ltr'>SenatuS.</span> <span class='ocrx_word' id='word_1_120' title='bbox 2424 1969 2755 2051; x_wconf 88' lang='lat' dir='ltr'>Polybius</span> <span class='ocrx_word' id='word_1_121' title='bbox 2781 1969 3034 2030; x_wconf 89' lang='lat' dir='ltr'>diserte</span> 
     </span>
     <span class='ocr_line' id='line_1_16' title="bbox 835 2084 3032 2168; baseline -0.002 -20"><span class='ocrx_word' id='word_1_122' title='bbox 835 2095 1122 2149; x_wconf 87' lang='lat' dir='ltr'>testatur</span> <span class='ocrx_word' id='word_1_123' title='bbox 1190 2106 1346 2149; x_wconf 92' lang='lat' dir='ltr'>eum</span> <span class='ocrx_word' id='word_1_124' title='bbox 1415 2107 1625 2168; x_wconf 90' lang='lat' dir='ltr'>aegre</span> <span class='ocrx_word' id='word_1_125' title='bbox 1695 2087 1929 2149; x_wconf 92' lang='lat' dir='ltr'>tulisse</span> <span class='ocrx_word' id='word_1_126' title='bbox 1998 2086 2495 2149; x_wconf 88' lang='lat' dir='ltr'>criminationes</span> <span class='ocrx_word' id='word_1_127' title='bbox 2556 2105 2598 2146; x_wconf 91' lang='lat' dir='ltr'>a</span> <span class='ocrx_word' id='word_1_128' title='bbox 2665 2084 3032 2148; x_wconf 89' lang='lat' dir='ltr'>Callicrate</span> 
     </span>
     <span class='ocr_line' id='line_1_17' title="bbox 834 2200 3031 2283; baseline -0.001 -20"><span class='ocrx_word' id='word_1_129' title='bbox 834 2202 1252 2283; x_wconf 85' lang='lat' dir='ltr'>principibus</span> <span class='ocrx_word' id='word_1_130' title='bbox 1311 2200 1750 2265; x_wconf 89' lang='lat' dir='ltr'>Achaeorum</span> <span class='ocrx_word' id='word_1_131' title='bbox 1810 2203 2175 2283; x_wconf 91' lang='lat' dir='ltr'>imputatas</span> <span class='ocrx_word' id='word_1_132' title='bbox 2213 2203 2288 2283; x_wconf 76' lang='grc'>3);</span> <span class='ocrx_word' id='word_1_133' title='bbox 2346 2221 2501 2264; x_wconf 91' lang='lat' dir='ltr'>cum</span> <span class='ocrx_word' id='word_1_134' title='bbox 2557 2200 2812 2263; x_wconf 89' lang='lat' dir='ltr'>Perseo</span> <span class='ocrx_word' id='word_1_135' title='bbox 2862 2219 3031 2280; x_wconf 91' lang='lat' dir='ltr'>rege</span> 
     </span>
     <span class='ocr_line' id='line_1_18' title="bbox 838 2316 3033 2399; baseline -0.002 -20"><span class='ocrx_word' id='word_1_136' title='bbox 838 2318 1109 2398; x_wconf 90' lang='lat' dir='ltr'>captivo</span> <span class='ocrx_word' id='word_1_137' title='bbox 1156 2317 1400 2380; x_wconf 88' lang='lat' dir='ltr'>leniter</span> <span class='ocrx_word' id='word_1_138' title='bbox 1445 2319 1591 2399; x_wconf 89' lang='lat' dir='ltr'>egit</span> <span class='ocrx_word' id='word_1_139' title='bbox 1636 2318 1836 2381; x_wconf 89' lang='lat' dir='ltr'>Aem.</span> <span class='ocrx_word' id='word_1_140' title='bbox 1884 2319 1959 2381; x_wconf 90' lang='lat' dir='ltr'>P.</span> <span class='ocrx_word' id='word_1_141' title='bbox 2000 2316 2075 2399; x_wconf 68' lang='lat'>⁴);</span> <span class='ocrx_word' id='word_1_142' title='bbox 2123 2317 2488 2399; x_wconf 90' lang='lat' dir='ltr'>Polybium</span> <span class='ocrx_word' id='word_1_143' title='bbox 2517 2336 2711 2378; x_wconf 88' lang='lat' dir='ltr'>reum</span> <span class='ocrx_word' id='word_1_144' title='bbox 2731 2316 3033 2396; x_wconf 90' lang='lat' dir='ltr'>benigne</span> 
     </span>
     <span class='ocr_line' id='line_1_19' title="bbox 839 2433 1443 2514; baseline 0 -18"><span class='ocrx_word' id='word_1_145' title='bbox 839 2435 1115 2496; x_wconf 93' lang='lat' dir='ltr'>domum</span> <span class='ocrx_word' id='word_1_146' title='bbox 1161 2433 1443 2514; x_wconf 90' lang='lat' dir='ltr'>accepit.</span> 
     </span>
    </p>

    <p class='ocr_par' dir='ltr' id='par_1_3' title="bbox 838 2546 3044 3783">
     <span class='ocr_line' id='line_1_20' title="bbox 929 2546 3037 2629; baseline -0.002 -18"><span class='ocrx_word' id='word_1_147' title='bbox 929 2551 1231 2612; x_wconf 89' lang='lat' dir='ltr'>Eventus</span> <span class='ocrx_word' id='word_1_148' title='bbox 1278 2550 1509 2612; x_wconf 90' lang='lat' dir='ltr'>docuit</span> <span class='ocrx_word' id='word_1_149' title='bbox 1554 2570 1707 2616; x_wconf 86' lang='lat' dir='ltr'>eam</span> <span class='ocrx_word' id='word_1_150' title='bbox 1753 2549 2137 2613; x_wconf 89' lang='lat' dir='ltr'>libertatem</span> <span class='ocrx_word' id='word_1_151' title='bbox 2182 2567 2417 2611; x_wconf 86' lang='lat' dir='ltr'>veram</span> <span class='ocrx_word' id='word_1_152' title='bbox 2464 2568 2669 2629; x_wconf 90' lang='lat' dir='ltr'>quam</span> <span class='ocrx_word' id='word_1_153' title='bbox 2715 2546 3037 2608; x_wconf 91' lang='lat' dir='ltr'>Flamini-</span> 
     </span>
     <span class='ocr_line' id='line_1_21' title="bbox 838 2662 3035 2745; baseline -0.001 -18"><span class='ocrx_word' id='word_1_154' title='bbox 838 2686 965 2727; x_wconf 90' lang='lat' dir='ltr'>nus</span> <span class='ocrx_word' id='word_1_155' title='bbox 1047 2664 1376 2728; x_wconf 85' lang='lat' dir='ltr'>Graeciae</span> <span class='ocrx_word' id='word_1_156' title='bbox 1446 2665 1590 2726; x_wconf 87' lang='lat' dir='ltr'>dari</span> <span class='ocrx_word' id='word_1_157' title='bbox 1659 2674 1730 2728; x_wconf 89' lang='lat' dir='ltr'>et</span> <span class='ocrx_word' id='word_1_158' title='bbox 1798 2686 1840 2727; x_wconf 93' lang='lat' dir='ltr'>a</span> <span class='ocrx_word' id='word_1_159' title='bbox 1904 2665 2241 2728; x_wconf 90' lang='lat' dir='ltr'>Romanis</span> <span class='ocrx_word' id='word_1_160' title='bbox 2309 2666 2448 2728; x_wconf 91' lang='lat' dir='ltr'>leni</span> <span class='ocrx_word' id='word_1_161' title='bbox 2515 2662 2898 2745; x_wconf 89' lang='lat' dir='ltr'>patrocinio</span> <span class='ocrx_word' id='word_1_162' title='bbox 2970 2662 3035 2724; x_wconf 89' lang='lat' dir='ltr'>in</span> 
     </span>
     <span class='ocr_line' id='line_1_22' title="bbox 841 2775 3037 2868; baseline -0.002 -24"><span class='ocrx_word' id='word_1_163' title='bbox 841 2794 1246 2863; x_wconf 82' lang='lat' dir='ltr'>perpetuum</span> <span class='ocrx_word' id='word_1_164' title='bbox 1316 2782 1702 2868; x_wconf 82' lang='lat' dir='ltr'>conservari</span> <span class='ocrx_word' id='word_1_165' title='bbox 1742 2781 1987 2843; x_wconf 81' lang='lat' dir='ltr'>¹voluit</span> <span class='ocrx_word' id='word_1_166' title='bbox 2002 2830 2016 2856; x_wconf 93' lang='lat'><em>‚</em></span> <span class='ocrx_word' id='word_1_167' title='bbox 2086 2781 2275 2855; x_wconf 87' lang='lat' dir='ltr'>cuius</span> <span class='ocrx_word' id='word_1_168' title='bbox 2344 2780 2833 2862; x_wconf 88' lang='lat' dir='ltr'>opprimendae</span> <span class='ocrx_word' id='word_1_169' title='bbox 2890 2775 3037 2839; x_wconf 76' lang='lat' dir='ltr'>erre</span> 
     </span>
     <span class='ocr_line' id='line_1_23' title="bbox 843 2894 3038 2968; baseline -0.001 -10"><span class='ocrx_word' id='word_1_170' title='bbox 843 2897 1092 2958; x_wconf 86' lang='lat' dir='ltr'>invitus</span> <span class='ocrx_word' id='word_1_171' title='bbox 1139 2907 1208 2958; x_wconf 92' lang='lat' dir='ltr'>et</span> <span class='ocrx_word' id='word_1_172' title='bbox 1253 2896 1659 2958; x_wconf 87' lang='lat' dir='ltr'>necessitate</span> <span class='ocrx_word' id='word_1_173' title='bbox 1708 2905 1983 2958; x_wconf 90' lang='lat' dir='ltr'>coactus</span> <span class='ocrx_word' id='word_1_174' title='bbox 2029 2905 2267 2958; x_wconf 92' lang='lat' dir='ltr'>auctor</span> <span class='ocrx_word' id='word_1_175' title='bbox 2308 2895 2435 2958; x_wconf 89' lang='lat' dir='ltr'>fuit</span> <span class='ocrx_word' id='word_1_176' title='bbox 2479 2894 2818 2957; x_wconf 89' lang='lat' dir='ltr'>Aemilius</span> <span class='ocrx_word' id='word_1_177' title='bbox 2833 2943 2849 2968; x_wconf 91' lang='lat'>‚</span> <span class='ocrx_word' id='word_1_178' title='bbox 2885 2895 3038 2956; x_wconf 92' lang='lat' dir='ltr'>sub-</span> 
     </span>
     <span class='ocr_line' id='line_1_24' title="bbox 847 3008 3041 3093; baseline -0.001 -20"><span class='ocrx_word' id='word_1_179' title='bbox 847 3012 1085 3074; x_wconf 89' lang='lat' dir='ltr'>sistere</span> <span class='ocrx_word' id='word_1_180' title='bbox 1151 3032 1289 3073; x_wconf 90' lang='lat' dir='ltr'>non</span> <span class='ocrx_word' id='word_1_181' title='bbox 1355 3012 1673 3092; x_wconf 89' lang='lat' dir='ltr'>potuisse.</span> <span class='ocrx_word' id='word_1_182' title='bbox 1791 3009 1931 3074; x_wconf 90' lang='lat' dir='ltr'>Sed</span> <span class='ocrx_word' id='word_1_183' title='bbox 1997 3031 2408 3093; x_wconf 90' lang='lat' dir='ltr'>quamquam</span> <span class='ocrx_word' id='word_1_184' title='bbox 2472 3012 2630 3073; x_wconf 91' lang='lat' dir='ltr'>ideo</span> <span class='ocrx_word' id='word_1_185' title='bbox 2700 3008 3041 3091; x_wconf 89' lang='lat' dir='ltr'>Scipionis</span> 
     </span>
     <span class='ocr_line' id='line_1_25' title="bbox 846 3125 3042 3208; baseline -0.001 -20"><span class='ocrx_word' id='word_1_186' title='bbox 846 3127 1212 3189; x_wconf 90' lang='lat' dir='ltr'>amicorum</span> <span class='ocrx_word' id='word_1_187' title='bbox 1260 3137 1543 3189; x_wconf 90' lang='lat' dir='ltr'>conatus</span> <span class='ocrx_word' id='word_1_188' title='bbox 1586 3127 1778 3208; x_wconf 91' lang='lat' dir='ltr'>digni</span> <span class='ocrx_word' id='word_1_189' title='bbox 1824 3138 2015 3189; x_wconf 89' lang='lat' dir='ltr'>erant</span> <span class='ocrx_word' id='word_1_190' title='bbox 2059 3127 2174 3208; x_wconf 89' lang='lat' dir='ltr'>qui</span> <span class='ocrx_word' id='word_1_191' title='bbox 2220 3148 2262 3189; x_wconf 92' lang='lat' dir='ltr'>a</span> <span class='ocrx_word' id='word_1_192' title='bbox 2307 3125 2591 3190; x_wconf 85' lang='lat' dir='ltr'>Graecis</span> <span class='ocrx_word' id='word_1_193' title='bbox 2639 3144 3042 3207; x_wconf 88' lang='lat' dir='ltr'>respueren-</span> 
     </span>
     <span class='ocr_line' id='line_1_26' title="bbox 844 3240 3042 3324; baseline -0.001 -19"><span class='ocrx_word' id='word_1_194' title='bbox 844 3252 955 3305; x_wconf 91' lang='lat' dir='ltr'>tur</span> <span class='ocrx_word' id='word_1_195' title='bbox 971 3291 985 3316; x_wconf 92' lang='lat'>,</span> <span class='ocrx_word' id='word_1_196' title='bbox 1049 3242 1302 3323; x_wconf 90' lang='lat' dir='ltr'>quippe</span> <span class='ocrx_word' id='word_1_197' title='bbox 1363 3243 1479 3324; x_wconf 90' lang='lat' dir='ltr'>qui</span> <span class='ocrx_word' id='word_1_198' title='bbox 1538 3242 1698 3304; x_wconf 89' lang='lat' dir='ltr'>vani</span> <span class='ocrx_word' id='word_1_199' title='bbox 1748 3240 1997 3305; x_wconf 85' lang='lat' dir='ltr'>fuerint</span> <span class='ocrx_word' id='word_1_200' title='bbox 2041 3252 2111 3305; x_wconf 89' lang='lat' dir='ltr'>et</span> <span class='ocrx_word' id='word_1_201' title='bbox 2157 3252 2474 3305; x_wconf 87' lang='lat' dir='ltr'>eventum</span> <span class='ocrx_word' id='word_1_202' title='bbox 2520 3242 2728 3324; x_wconf 90' lang='lat' dir='ltr'>plane</span> <span class='ocrx_word' id='word_1_203' title='bbox 2777 3251 3042 3303; x_wconf 87' lang='lat' dir='ltr'>contra·</span> 
     </span>
     <span class='ocr_line' id='line_1_27' title="bbox 845 3357 3044 3438; baseline -0.001 -18"><span class='ocrx_word' id='word_1_204' title='bbox 845 3359 1016 3420; x_wconf 92' lang='lat' dir='ltr'>rium</span> <span class='ocrx_word' id='word_1_205' title='bbox 1093 3357 1442 3438; x_wconf 88' lang='lat' dir='ltr'>proposito</span> <span class='ocrx_word' id='word_1_206' title='bbox 1518 3358 1877 3420; x_wconf 87' lang='lat' dir='ltr'>habuerint</span> <span class='ocrx_word' id='word_1_207' title='bbox 1893 3407 1907 3432; x_wconf 91' lang='lat'>,</span> <span class='ocrx_word' id='word_1_208' title='bbox 1987 3368 2058 3420; x_wconf 92' lang='lat' dir='ltr'>et</span> <span class='ocrx_word' id='word_1_209' title='bbox 2131 3357 2326 3421; x_wconf 89' lang='lat' dir='ltr'>nobis</span> <span class='ocrx_word' id='word_1_210' title='bbox 2401 3358 2560 3419; x_wconf 90' lang='lat' dir='ltr'>vani</span> <span class='ocrx_word' id='word_1_211' title='bbox 2631 3367 2704 3420; x_wconf 91' lang='lat' dir='ltr'>et</span> <span class='ocrx_word' id='word_1_212' title='bbox 2772 3357 3044 3420; x_wconf 91' lang='lat' dir='ltr'>inutiles</span> 
     </span>
     <span class='ocr_line' id='line_1_28' title="bbox 848 3472 3042 3546; baseline -0.001 -11"><span class='ocrx_word' id='word_1_213' title='bbox 848 3474 1166 3536; x_wconf 88' lang='lat' dir='ltr'>videntur</span> <span class='ocrx_word' id='word_1_214' title='bbox 1181 3521 1195 3546; x_wconf 93' lang='lat'>,</span> <span class='ocrx_word' id='word_1_215' title='bbox 1256 3483 1487 3535; x_wconf 91' lang='lat' dir='ltr'>tamen</span> <span class='ocrx_word' id='word_1_216' title='bbox 1540 3473 1880 3536; x_wconf 90' lang='lat' dir='ltr'>laudanda</span> <span class='ocrx_word' id='word_1_217' title='bbox 1936 3483 2083 3536; x_wconf 88' lang='lat' dir='ltr'>erat</span> <span class='ocrx_word' id='word_1_218' title='bbox 2128 3494 2284 3536; x_wconf 93' lang='lat' dir='ltr'>cum</span> <span class='ocrx_word' id='word_1_219' title='bbox 2329 3472 2609 3536; x_wconf 85' lang='lat' dir='ltr'>Graecis</span> <span class='ocrx_word' id='word_1_220' title='bbox 2656 3483 2803 3536; x_wconf 89' lang='lat' dir='ltr'>tum</span> <span class='ocrx_word' id='word_1_221' title='bbox 2848 3472 3042 3534; x_wconf 93' lang='lat' dir='ltr'>nobis</span> 
     </span>
     <span class='ocr_line' id='line_1_29' title="bbox 847 3587 3042 3671; baseline 0 -21"><span class='ocrx_word' id='word_1_222' title='bbox 847 3590 1060 3650; x_wconf 89' lang='lat' dir='ltr'>virtus</span> <span class='ocrx_word' id='word_1_223' title='bbox 1120 3589 1368 3649; x_wconf 92' lang='lat' dir='ltr'>ducum</span> <span class='ocrx_word' id='word_1_224' title='bbox 1426 3587 1568 3649; x_wconf 92' lang='lat' dir='ltr'>eius</span> <span class='ocrx_word' id='word_1_225' title='bbox 1613 3589 1825 3667; x_wconf 86' lang='lat' dir='ltr'>partis</span> <span class='ocrx_word' id='word_1_226' title='bbox 1843 3638 1856 3663; x_wconf 88' lang='lat'><strong>,</strong></span> <span class='ocrx_word' id='word_1_227' title='bbox 1904 3589 2204 3669; x_wconf 90' lang='lat' dir='ltr'>inprimis</span> <span class='ocrx_word' id='word_1_228' title='bbox 2250 3589 2607 3671; x_wconf 87' lang='lat' dir='ltr'>integritas</span> <span class='ocrx_word' id='word_1_229' title='bbox 2653 3587 3015 3650; x_wconf 86' lang='lat' dir='ltr'>Flaminini</span> <span class='ocrx_word' id='word_1_230' title='bbox 3028 3635 3042 3661; x_wconf 91' lang='lat'>‚</span> 
     </span>
     <span class='ocr_line' id='line_1_30' title="bbox 846 3701 2150 3783; baseline 0 -17"><span class='ocrx_word' id='word_1_231' title='bbox 846 3704 1128 3766; x_wconf 89' lang='lat' dir='ltr'>Aemilii</span> <span class='ocrx_word' id='word_1_232' title='bbox 1172 3702 1428 3777; x_wconf 91' lang='lat' dir='ltr'>Paulli,</span> <span class='ocrx_word' id='word_1_233' title='bbox 1476 3701 1813 3783; x_wconf 91' lang='lat' dir='ltr'>Scipionis</span> <span class='ocrx_word' id='word_1_234' title='bbox 1859 3704 2150 3766; x_wconf 74' lang='lat' dir='ltr'>minoris</span> 
     </span>
    </p>
   </div>
   <div class='ocr_carea' id='block_1_3' title="bbox 858 3840 1177 3846">
    <p class='ocr_par' dir='ltr' id='par_1_4' title="bbox 858 3840 1177 3846">
     <span class='ocr_line' id='line_1_31' title="bbox 858 3840 1177 3846; baseline 0 0"><span class='ocrx_word' id='word_1_235' title='bbox 858 3840 1177 3846; x_wconf 95' lang='lat' dir='ltr'> </span> 
     </span>
    </p>
   </div>
   <div class='ocr_carea' id='block_1_4' title="bbox 929 3860 3046 4081">
    <p class='ocr_par' dir='ltr' id='par_1_5' title="bbox 929 3860 3046 4081">
     <span class='ocr_line' id='line_1_32' title="bbox 937 3860 1612 3982; baseline -0.006 -22"><span class='ocrx_word' id='word_1_236' title='bbox 937 3900 976 3982; x_wconf 91' lang='lat'>¹)</span> <span class='ocrx_word' id='word_1_237' title='bbox 1019 3901 1144 3961; x_wconf 88' lang='lat' dir='ltr'>Liv.</span> <span class='ocrx_word' id='word_1_238' title='bbox 1189 3903 1372 3964; x_wconf 84' lang='lat' dir='ltr'>XLV..</span> <span class='ocrx_word' id='word_1_239' title='bbox 1418 3860 1474 3960; x_wconf 80' lang='lat' dir='ltr'>c.</span> <span class='ocrx_word' id='word_1_240' title='bbox 1519 3919 1612 3977; x_wconf 87' lang='lat'>25.</span> 
     </span>
     <span class='ocr_line' id='line_1_33' title="bbox 929 3999 3046 4081; baseline 0.001 -25"><span class='ocrx_word' id='word_1_241' title='bbox 929 3999 979 4081; x_wconf 83' lang='lat'>2)</span> <span class='ocrx_word' id='word_1_242' title='bbox 1021 3999 1147 4058; x_wconf 90' lang='lat' dir='ltr'>Liv.</span> <span class='ocrx_word' id='word_1_243' title='bbox 1211 4002 1395 4059; x_wconf 87' lang='lat' dir='ltr'><strong>XLV.</strong></span> <span class='ocrx_word' id='word_1_244' title='bbox 1453 4019 1502 4069; x_wconf 86' lang='lat' dir='ltr'>c.</span> <span class='ocrx_word' id='word_1_245' title='bbox 1568 4020 1641 4075; x_wconf 91' lang='lat'>29</span> <span class='ocrx_word' id='word_1_246' title='bbox 1701 4019 1820 4075; x_wconf 89' lang='lat' dir='ltr'>sq.,</span> <span class='ocrx_word' id='word_1_247' title='bbox 1879 4020 1931 4058; x_wconf 94' lang='lat' dir='ltr'>c.</span> <span class='ocrx_word' id='word_1_248' title='bbox 1997 4002 2101 4074; x_wconf 81' lang='lat'>183</span> <span class='ocrx_word' id='word_1_249' title='bbox 2160 4000 2237 4059; x_wconf 88' lang='lat' dir='ltr'>de</span> <span class='ocrx_word' id='word_1_250' title='bbox 2292 4009 2451 4060; x_wconf 90' lang='lat' dir='ltr'>statu</span> <span class='ocrx_word' id='word_1_251' title='bbox 2503 4002 2904 4062; x_wconf 88' lang='lat' dir='ltr'>Macedoniae</span> <span class='ocrx_word' id='word_1_252' title='bbox 2948 4001 3046 4059; x_wconf 85' lang='lat' dir='ltr'>cfr.</span> 
     </span>
    </p>
   </div>
   <div class='ocr_carea' id='block_1_5' title="bbox 849 4100 1581 4175">
    <p class='ocr_par' dir='ltr' id='par_1_6' title="bbox 849 4100 1581 4175">
     <span class='ocr_line' id='line_1_34' title="bbox 849 4100 1581 4175; baseline 0.001 -19"><span class='ocrx_word' id='word_1_253' title='bbox 849 4100 1095 4157; x_wconf 82' lang='lat' dir='ltr'>Hertzb.</span> <span class='ocrx_word' id='word_1_254' title='bbox 1140 4101 1188 4156; x_wconf 94' lang='grc' dir='ltr'>Ι.</span> <span class='ocrx_word' id='word_1_255' title='bbox 1228 4119 1286 4175; x_wconf 92' lang='lat' dir='ltr'>p.</span> <span class='ocrx_word' id='word_1_256' title='bbox 1338 4100 1450 4174; x_wconf 91' lang='lat'>198</span> <span class='ocrx_word' id='word_1_257' title='bbox 1494 4118 1581 4173; x_wconf 90' lang='lat' dir='ltr'>sq.</span> 
     </span>
    </p>
   </div>
   <div class='ocr_carea' id='block_1_6' title="bbox 936 4194 1746 4376">
    <p class='ocr_par' dir='ltr' id='par_1_7' title="bbox 936 4194 1746 4376">
     <span class='ocr_line' id='line_1_35' title="bbox 938 4194 1664 4275; baseline 0.003 -22"><span class='ocrx_word' id='word_1_258' title='bbox 938 4194 985 4275; x_wconf 82' lang='lat'>3)</span> <span class='ocrx_word' id='word_1_259' title='bbox 1026 4199 1091 4256; x_wconf 92' lang='lat' dir='ltr'>P.</span> <span class='ocrx_word' id='word_1_260' title='bbox 1133 4199 1325 4255; x_wconf 91' lang='lat' dir='ltr'>XXX.</span> <span class='ocrx_word' id='word_1_261' title='bbox 1384 4217 1455 4254; x_wconf 92' lang='lat'>10</span> <span class='ocrx_word' id='word_1_262' title='bbox 1499 4204 1526 4267; x_wconf 65' lang='grc' dir='ltr'>ξ</span> <span class='ocrx_word' id='word_1_263' title='bbox 1574 4217 1664 4256; x_wconf 89' lang='lat'>11.</span> 
     </span>
     <span class='ocr_line' id='line_1_36' title="bbox 936 4293 1746 4376; baseline 0.004 -24"><span class='ocrx_word' id='word_1_264' title='bbox 936 4293 986 4376; x_wconf 70' lang='grc'>4)</span> <span class='ocrx_word' id='word_1_265' title='bbox 1027 4297 1178 4354; x_wconf 89' lang='lat' dir='ltr'>Plut.</span> <span class='ocrx_word' id='word_1_266' title='bbox 1224 4300 1397 4355; x_wconf 86' lang='lat' dir='ltr'>Aem.</span> <span class='ocrx_word' id='word_1_267' title='bbox 1440 4299 1504 4354; x_wconf 93' lang='lat' dir='ltr'>P.</span> <span class='ocrx_word' id='word_1_268' title='bbox 1552 4317 1601 4355; x_wconf 92' lang='lat' dir='ltr'>c.</span> <span class='ocrx_word' id='word_1_269' title='bbox 1651 4314 1746 4373; x_wconf 86' lang='lat'>37.</span> 
     </span>
    </p>
   </div>
   <div class='ocr_carea' id='block_1_7' title="bbox 3299 0 3303 505">
    <p class='ocr_par' dir='ltr' id='par_1_8' title="bbox 3299 0 3303 505">
     <span class='ocr_line' id='line_1_37' title="bbox 3299 0 3303 505; baseline 0 0"><span class='ocrx_word' id='word_1_270' title='bbox 3299 0 3303 505; x_wconf 95' lang='lat' dir='ltr'> </span> 
     </span>
    </p>
   </div>
   <div class='ocr_carea' id='block_1_8' title="bbox 3295 654 3307 2103">
    <p class='ocr_par' dir='ltr' id='par_1_9' title="bbox 3295 654 3307 2103">
     <span class='ocr_line' id='line_1_38' title="bbox 3295 654 3307 2103; baseline 0 0"><span class='ocrx_word' id='word_1_271' title='bbox 3295 654 3307 2103; x_wconf 95' lang='lat' dir='ltr'> </span> 
     </span>
    </p>
   </div>
  </div>
 </body>
</html>
