3375 5084
1854 346 1971 417 138

817 533 1150 597 Punicum
1211 533 1281 595 Π
1339 533 1781 596 tractaverint
1798 582 1811 607 ‚
1860 533 2228 595 memoriae
2277 552 2426 594 esse
2475 532 2799 595 traditum
2843 553 3007 595 sena

819 649 1005 711 milia
1071 650 1418 712 hominum
1486 649 1910 712 Placentiam
1981 658 2051 711 et
2114 647 2517 710 Cremonam
2579 647 2647 710 in
2707 648 3007 711 colonias

819 766 1115 829 deducta
1194 786 1361 829 esse.
1480 765 1792 828 Eundem
1865 785 2219 828 numerum
2293 765 2551 828 habent
2627 765 2862 828 Livius
2940 775 3008 828 et

816 882 1146 963 Polybius
1163 931 1177 954 ‚
1248 882 1362 964 qui
1423 882 1634 964 igitur
1694 881 1783 944 ad
1835 881 2092 945 fontem
2140 901 2568 944 communem
2615 881 3010 944 Romanum

817 996 1209 1061 referendus
1280 1008 1401 1061 est.
1510 996 1651 1062 Sed
1720 1007 2004 1079 uterque
2074 1016 2211 1060 non
2279 1017 2487 1060 unum
2505 1045 2520 1071 ,
2594 997 2717 1061 sed
2781 998 3011 1079 plures

819 1124 1130 1177 auctores
1176 1114 1533 1177 Romanos
1579 1114 1646 1175 in
1692 1113 2000 1176 manibus
2044 1113 2298 1176 habuit.
2370 1112 2606 1175 Livius
2653 1113 2747 1176 ait
2789 1114 2863 1196 (e.
2907 1134 2938 1174 2
2952 1113 3012 1195 5)

818 1231 1203 1293 triumviros
1266 1231 1355 1292 ad
1416 1250 1657 1313 agrum
1720 1229 2203 1312 assignandum
2249 1230 2488 1292 missos
2536 1250 2577 1292 a
2623 1229 2811 1292 Boiis
2861 1250 3013 1292 esse

824 1348 1321 1410 circumventos
1384 1346 1721 1420 Mutinae3
1776 1345 1981 1408 tradit
2025 1345 2525 1409 triumvirorum
2571 1346 2845 1408 nomina
2890 1344 3017 1408 sed

821 1464 1008 1527 addit
1052 1464 1140 1525 ab
1190 1463 1340 1526 aliis
1386 1463 1744 1525 annalibus
1790 1463 1926 1525 alia
1963 1462 2235 1525 nomina
2270 1462 2478 1537 tradi,
2512 1462 2802 1544 denique
2830 1461 3017 1543 apud

820 1580 992 1642 alios
1036 1581 1169 1642 hoc
1214 1600 1349 1641 non
1395 1581 1481 1642 de
1528 1579 1926 1653 triumviriS‚
1974 1580 2097 1641 sed
2145 1578 2230 1642 de
2277 1578 2528 1661 legatis
2562 1580 2652 1641 ad
2684 1587 3010 1659 expostu-

822 1697 1098 1759 landum
1176 1696 1395 1759 missis
1464 1698 1553 1759 ad
1620 1696 1830 1759 Boios
1896 1696 2169 1759 narrari.
2282 1696 2393 1758 De
2468 1695 2850 1758 nominibus
2918 1695 3017 1758 ait

831 1812 1121 1888 „Lutatii
1202 1832 1450 1875 nomen
1518 1813 1703 1874 haud
1770 1813 2049 1875 dubium
2118 1811 2283 1887 est’';
2359 1812 2590 1894 itaque
2661 1811 3014 1874 minimum

822 1931 992 1992 duos
1039 1931 1318 1992 annales
1364 1929 1602 1992 habuit
1649 1929 1765 2011 qui
1810 1930 1879 1991 in
1923 1930 2054 1992 hoc
2110 1930 2381 1993 nomine
2429 1928 2862 1992 concinerent
2876 1977 2890 2003 ‚
2939 1928 3013 1990 in

821 2045 1096 2127 reliquis
1166 2046 1641 2127 discreparent.
1733 2045 2063 2127 Polybius
2125 2056 2357 2109 autem
2419 2045 2475 2107 si
2537 2065 2744 2107 unum
2789 2064 3014 2126 neque

821 2161 1053 2243 plures
1114 2162 1246 2224 hoc
1310 2163 1465 2225 loco
1520 2161 1866 2224 annalium
1912 2162 2312 2243 scriptorem
2359 2160 2806 2224 consuluisset
2822 2209 2838 2233 ,
2886 2160 3022 2223 tria

820 2278 1094 2341 nomina
1170 2299 1260 2341 ex
1336 2298 1420 2340 eo
1501 2277 1874 2353 didicisset;
1954 2287 2189 2341 contra
2263 2277 2320 2341 is
2392 2276 2595 2341 etiam
2665 2275 3018 2340 Lutatium

821 2395 1043 2458 solum
1113 2395 1416 2458 nominat
1455 2390 1514 2476 ¹).
1605 2393 1948 2477 Apertum
2017 2404 2122 2459 est
2184 2395 2389 2458 etiam
2453 2394 2820 2477 Polybium
2880 2393 3021 2456 duo

822 2514 936 2575 vel
997 2512 1228 2594 plures
1293 2512 1571 2574 annales
1624 2511 1694 2573 in
1741 2511 2052 2574 manibus
2097 2512 2420 2574 habuisse
2467 2521 2538 2574 et
2584 2531 2676 2573 ex
2721 2511 2801 2573 iis
2847 2509 3024 2572 illud

827 2638 1088 2692 tantum
1133 2648 1385 2691 nomen
1432 2627 1943 2691 conservavisse
1975 2626 2163 2690 cuius
2196 2647 2430 2690 omnes
2461 2635 2775 2690 auctores
2805 2635 3020 2700 erant,

825 2745 959 2808 alia
1022 2745 1324 2808 omisisse
1387 2746 1570 2826 quod
1630 2744 1700 2806 in
1744 2744 1876 2806 hac
1923 2743 2376 2826 discrepantia
2421 2763 2658 2805 verum
2706 2741 3024 2824 indagari

822 2882 1025 2944 posse
1080 2863 1490 2943 desperaret.
1525 2898 1608 2906 —
1641 2860 1771 2923 His
1793 2861 2183 2924 auctoribus
2204 2860 2541 2923 Romanis
2565 2859 2897 2941 Polybius
2918 2859 3023 2921 ita

823 3000 983 3042 usus
1057 2989 1160 3042 est
1176 3029 1190 3054 ‚
1250 2989 1325 3042 ut
1387 2999 1477 3042 ex
1535 2979 1616 3041 iis
1659 2979 2116 3042 narrationem
2163 2998 2355 3040 suam
2399 2977 2568 3040 belli
2612 2977 2986 3040 illustraret
3006 3024 3021 3051 ‚

826 3096 1110 3158 subinde
1176 3096 1422 3159 additis
1468 3097 1675 3158 rebus
1720 3095 1992 3158 Romae
2038 3095 2253 3177 gestis
2269 3143 2285 3167 ,
2332 3104 2409 3157 ut
2458 3101 2834 3175 exponeret
2878 3112 3021 3174 quo

827 3212 1051 3274 animo
1127 3220 1352 3275 essent
1420 3211 1606 3274 cives
1675 3210 1977 3273 Romani
2040 3220 2109 3273 et
2171 3207 2496 3285 SenatuS,
2556 3229 2690 3290 qua
2734 3229 2857 3290 spe
2902 3209 3023 3270 vel

826 3338 1013 3390 metu
1077 3325 1524 3391 afficerentur.
1615 3326 1771 3390 Huc
1836 3327 2177 3409 pertinent
2222 3325 2344 3391 111.
2392 3347 2446 3388 e.
2496 3330 2569 3387 61
2628 3330 2659 3401 ἕ
2711 3345 2911 3405 7—9;
2964 3344 3023 3387 c.

828 3450 909 3508 68
976 3449 1006 3520 ἕ
1076 3465 1202 3522 9—
1217 3466 1238 3505 1
1256 3464 1288 3504 2
1312 3492 1326 3518 ,
1391 3463 1673 3525 quarum
1728 3443 2002 3525 quidem
2048 3442 2341 3525 partium
2391 3441 2561 3504 alius
2610 3449 2847 3503 auctor
2890 3438 3021 3502 fuit

827 3580 1030 3642 quam
1076 3559 1257 3621 Livii
1304 3579 1358 3622 c.
1410 3580 1623 3638 49—5
1641 3582 1662 3621 1
1691 3609 1707 3634 ,
1756 3558 1870 3641 qui
1916 3560 2003 3621 de
2051 3556 2455 3640 Sempronio
2499 3557 2709 3640 longe
2751 3555 3024 3618 diversa

825 3678 1081 3752 tradat;
1153 3676 1398 3739 deinde
1468 3696 1523 3739 e.
1596 3681 1674 3754 85
1742 3682 1773 3753 ἓ
1838 3681 1875 3738 6
1936 3712 2018 3721 -—
2076 3696 2131 3738 e.
2184 3680 2266 3738 86
2316 3680 2346 3751 5
2402 3695 2470 3754 7,
2514 3673 2632 3736 ubi
2680 3672 3023 3736 contraxit

827 3794 1156 3876 Polybius
1213 3793 1668 3856 narrationem
1724 3813 1898 3875 quae
1948 3791 2237 3874 amplior
2284 3800 2477 3855 extat
2522 3791 2706 3872 apud
2749 3789 3023 3852 Livium

828 3910 1070 3974 XXII.
1135 3931 1190 3973 c.
1257 3931 1288 3990 7
1340 3916 1371 3987 ἓ
1422 3914 1460 3972 6
1511 3946 1593 3954 —
1642 3930 1698 3972 c,
1749 3915 1786 3972 8
1829 3909 1903 3991 2);
1950 3908 2096 3972 Pol.
2144 3928 2198 3971 c.
2253 3928 2369 3988 75,
2415 3907 2543 3970 XI.
2595 3927 2651 3970 c.
2705 3911 2820 3981 26,
2867 3904 3024 3968 alia.

915 4182 959 4263 ¹)
1001 4184 1067 4243 C.
1115 4203 1191 4255 40
1234 4190 1262 4254 ἓ
1306 4202 1372 4259 9:
1420 4183 1488 4242 ὧν
1523 4181 1592 4248 εἷς
1615 4181 1679 4246 ἧν
1706 4188 1862 4248 Γάιος
1886 4187 2169 4249 Λουτάτιος
2194 4183 2219 4240 ὃ
2245 4185 2340 4245 τὴν
2367 4185 2562 4241 ὕπατον
2591 4184 2763 4259 ἀρχὴν
2789 4183 3022 4257 εἰληφώς,

828 4287 874 4341 οἱ
913 4286 971 4342 δὲ
1008 4287 1103 4342 δύο
1141 4288 1234 4346 τὴν
1272 4286 1601 4353 ἑξαπέλεκυν.

910 4377 961 4457 2)
1002 4379 1123 4438 Cfr.
1166 4378 1321 4437 enim
1363 4377 1524 4437 Liv.:
1570 4386 1670 4452 „et
1712 4397 1852 4436 cum
1879 4423 1891 4436 .
1919 4423 1932 4436 .
1960 4422 1973 4436 .
2019 4377 2194 4436 turba
2354 4377 2478 4438 Pol.
2535 4376 2608 4451 85
2657 4383 2685 4447 ς
2729 4376 2798 4434 8:
2845 4380 3025 4455 διόπερ
