3375 5084
1336 303 1341 308 -
1406 263 1523 335 183

370 450 540 512 Eam
586 450 919 512 rationem
968 451 1267 512 virorum
1317 449 1599 515 Graecis
1631 451 1888 513 artibus
1920 452 2333 542 eruditorum
2359 474 2565 534 saepe

368 567 685 647 exposuit
748 567 1106 648 Polybius;
1169 568 1268 629 sic
1327 567 1398 629 in
1461 567 1766 630 oratione
1824 568 2210 651 legatorum
2257 569 2566 631 Rhodio-

364 703 543 744 rum:
622 703 795 758 „non
865 684 1141 757 eodem,
1210 683 1456 763 inquit,
1528 684 1811 771 consilio
1881 703 2006 746 vos
2067 683 2369 746 Romani
2431 704 2566 765 quo

324 781 607 880 'reliqui
663 789 975 862 homines
1027 799 1286 861 bellum
1332 800 1587 881 geritis
1679 799 1826 862 Alii
1873 801 2050 862 enim
2097 820 2332 863 omnes
2377 802 2566 864 bella

364 915 738 997 suscipiunt
782 924 857 977 ut
902 915 1257 997 imperium
1303 926 1604 997 augeant
1650 924 1721 979 et
1766 917 1995 991 urbes;
2044 917 2317 989 redituS,
2350 937 2563 979 naves

366 1031 670 1112 capiant;
735 1031 934 1093 vobis
988 1039 1176 1094 tanta
1223 1040 1328 1093 est
1375 1031 1655 1094 deorum
1700 1030 2089 1113 benignitas
2135 1041 2211 1094 ut
2257 1032 2448 1094 nulla
2490 1052 2564 1094 re

361 1147 747 1209 huiusmodi
817 1146 1182 1228 indigeatis
1250 1167 1406 1209 cum
1474 1156 1693 1210 totum
1767 1148 2003 1209 orbem
2072 1148 2198 1209 sub
2268 1156 2564 1210 vestram

361 1263 698 1325 dicionem
767 1262 1124 1325 verteritis,
1235 1261 1416 1344 Quid
1484 1262 1694 1345 igitur
1754 1263 2053 1325 maxime
2116 1263 2314 1325 vobis
2360 1282 2562 1326 curae

363 1399 514 1440 esse
586 1380 900 1459 oportet?
967 1398 1215 1458 nempe
1276 1387 1351 1441 ut
1415 1378 1618 1440 laude
1681 1387 1752 1441 et
1815 1379 2040 1460 gratia
2100 1378 2284 1459 apud
2330 1399 2564 1441 omnes

362 1494 610 1575 dignos
678 1513 803 1555 vos
864 1493 1285 1575 praebeatis'’
1326 1489 1384 1575 ¹).
1487 1493 1681 1556 Alibi
1750 1494 2086 1570 „Romani
2107 1543 2121 1569 ,
2183 1494 2279 1557 ait
2295 1541 2309 1569 ,
2357 1494 2563 1557 etiam

359 1610 663 1692 speciem
709 1609 1034 1672 avaritiae
1083 1629 1286 1690 quam
1331 1611 1630 1673 maxime
1675 1609 2049 1693 fugienteS,
2096 1611 2286 1673 bella
2320 1631 2562 1693 gerere

357 1728 674 1789 solebant
717 1728 936 1790 donec
984 1736 1385 1808 superarent
1430 1736 1500 1790 et
1531 1727 1901 1789 adversarii
1931 1727 2061 1790 sibi
2101 1727 2558 1790 obediendum

358 1864 512 1906 esse
574 1840 1086 1905 confiterentuf'
1126 1841 1187 1923 ²).
1247 1880 1329 1887 —-
1389 1840 1531 1907 Sed
1578 1843 1783 1904 etiam
1830 1852 1989 1905 ante
2034 1842 2294 1905 bellum
2340 1842 2558 1906 Persi-

356 1980 515 2022 cum
573 1960 782 2041 longe
829 1979 872 2021 a
916 1959 1200 2039 pristina
1243 1958 1603 2021 nobilitate
1650 1956 2014 2021 deflexisse
2059 1959 2369 2022 videmus
2413 1959 2559 2022 Ro-

352 2095 631 2150 manos3
710 2096 794 2137 ea
867 2095 1025 2156 pars
1109 2095 1285 2156 quae
1366 2073 1589 2156 magis
1658 2073 1823 2155 quid
1888 2073 2055 2136 utile
2123 2071 2330 2155 quam
2399 2074 2563 2156 quid

349 2192 717 2254 honestum
785 2199 967 2254 esset
1033 2170 1409 2271 quaerebat
1467 2190 1535 2252 in
1596 2186 1857 2252 Senatu
1917 2190 2301 2270 superabat.
2407 2188 2551 2252 Eae

351 2318 536 2371 artes
606 2328 774 2389 quas
843 2328 885 2369 a
944 2307 1221 2389 propria
1280 2306 1755 2369 Romanorum
1815 2304 2044 2370 indole
2098 2305 2354 2367 alienas
2400 2326 2550 2369 esse

350 2425 679 2487 censebat
744 2423 1074 2505 Polybius
1092 2472 1105 2498 ,
1152 2433 1296 2486 tum
1340 2421 1827 2496 florescebant;
1875 2420 2235 2484 fallacibus
2280 2421 2552 2485 indutiis

350 2535 681 2602 Perseum
736 2538 818 2620 ³),
892 2537 1170 2620 perfidis
1248 2537 1543 2601 consiliis
1611 2537 1869 2617 amicos
1886 2584 1900 2612 ‚
1973 2546 2049 2599 ut
2092 2535 2417 2599 Achaeos
2470 2536 2547 2616 ⁴);

349 2655 674 2719 Rhodios
704 2655 774 2737 ⁵),
824 2655 1178 2719 calumniis
1223 2654 1601 2717 Eumenem
1633 2652 2121 2717 circumvenire
2153 2653 2551 2716 studuerunt

348 2765 674 2835 Romani.
1172 2840 1177 2844 ,
1934 2849 1944 2859 .

444 2886 728 2950 Praeter
796 2907 915 2950 eos
984 2884 1165 2969 Syrii
1213 2885 1258 2968 ⁶)
1328 2894 1398 2948 et
1466 2885 1613 2961 alii,
1677 2885 2024 2967 aliquanto
2084 2893 2243 2967 post
2302 2883 2518 2947 Poeni
2536 2931 2551 2959 ,

348 3012 685 3066 mutatam
768 3003 1240 3066 Romanorum
1307 3002 1640 3064 rationem
1711 3001 1978 3083 experti
2046 3010 2216 3064 sunt.
2330 3000 2550 3063 Huius

346 3119 519 3194 belli
608 3119 846 3183 Punici
933 3118 1116 3182 tertii
1189 3118 1465 3181 ineundi
1524 3118 1896 3181 consilium
1973 3117 2178 3180 etiam
2252 3115 2548 3197 Polybio

345 3236 795 3299 vehementer
857 3234 1200 3317 displicuit
1214 3282 1229 3309 ,
1293 3253 1704 3316 quamquam
1757 3233 1829 3296 id
1873 3233 2108 3296 timide
2156 3241 2227 3296 et
2272 3232 2548 3313 oblique

348 3351 720 3433 castigavit
744 3350 808 3432 ⁷).
879 3349 1012 3432 Qui
1058 3369 1266 3433 saepe
1311 3350 1508 3414 huius
1552 3349 1766 3432 partis
1810 3348 1937 3411 fuit
1968 3349 2283 3431 princeps
2297 3397 2313 3428 ‚
2349 3347 2546 3421 Cato,

358 3561 723 3568 Μ

442 3699 484 3780 ¹)
528 3702 594 3759 P.
638 3701 833 3758 XXII.
878 3720 931 3758 c.
976 3701 1011 3757 6
1056 3706 1084 3771 ξ
1129 3717 1303 3777 2—5.

433 3797 482 3879 2)
524 3802 589 3858 P.
635 3801 947 3858 XXXVII.
999 3801 1083 3858 1b.

435 3897 484 3979 ³)
524 3898 651 3958 Liv.
695 3899 882 3958 XLII.
927 3919 979 3957 c.
1025 3918 1101 3974 43
1147 3899 1252 3958 cfr.
1296 3918 1347 3956 c.
1394 3913 1494 3972 47.

433 3997 483 4078 4>
524 4000 589 4056 Ρ,
633 4000 915 4057 XXVIII.
963 4017 1016 4056 c.
1067 4018 1138 4056 10
1182 4016 1270 4074 sq.

432 4096 483 4177 5)
524 4099 590 4156 Ρ.
636 4099 920 4156 XXVIII.
963 4116 1017 4155 c.
1069 4113 1136 4173 15
1183 4104 1210 4168 ξ
1254 4117 1310 4169 4.

434 4195 483 4276 ⁰)
527 4198 646 4256 Cfr.
690 4198 757 4255 P.
802 4197 1023 4255 XXXI.
1069 4215 1121 4254 c.
1173 4216 1242 4254 12
1287 4203 1314 4267 ξ
1360 4212 1413 4272 7.

438 4295 483 4377 ἶ)
525 4299 589 4355 P.
635 4297 930 4355 XXXVII
978 4309 1219 4370 12-103
1263 4294 1382 4354 vid.
1426 4294 1592 4356 infra.
