3375 5084
1400 349 1524 408 235

364 522 662 585 indolem
705 522 832 584 viri
877 523 1159 585 alicuius
1205 522 1482 586 illustris
1526 523 1649 585 vix
1694 512 2097 605 intellegere
2141 524 2395 604 poterit
2418 523 2555 586 lec-

361 648 470 701 tor
531 639 589 701 si
648 640 743 721 (ut
804 641 890 701 de
950 617 1271 721 Philippo
1325 659 1493 723 rege
1539 639 1842 702 scribens
1888 659 2097 721 saepe
2142 638 2304 703 fecit
2348 638 2554 721 Poly-

340 754 534 835 bius)
607 757 695 819 ad
763 757 1068 839 singulas
1135 776 1243 820 res
1312 766 1547 840 gestas
1612 766 1875 820 tantum
1944 756 2371 820 adnotaverit
2430 758 2556 820 has

362 868 570 933 fuisse
640 872 856 933 bonas
874 919 888 946 ,
959 871 1111 934 illas
1169 870 1492 947 nefarias;
1552 871 1648 935 ita
1695 872 1874 934 enim
1919 891 2278 953 perperam
2328 872 2560 956 distin·-

363 987 595 1069 guitur
676 988 851 1050 inter
925 1007 1035 1051 res
1102 997 1366 1072 gestas·
1404 988 1600 1051 unius
1660 988 1951 1051 hominis
2013 1008 2183 1069 quas
2244 989 2419 1052 inter
2488 1009 2564 1052 se

366 1104 733 1166 cohaerere
751 1152 765 1178 ,
815 1124 907 1166 ex
950 1124 1086 1166 uno
1133 1104 1416 1167 consilio
1463 1106 1844 1186 eademque
1892 1114 2121 1168 mente
2157 1079 2564 1186 profluxisse

365 1220 858 1282 ostendendum
923 1228 1068 1283 erat
1128 1221 1455 1303 scriptori.
1547 1220 1834 1284 Etiamsi
1891 1222 1977 1284 de
2024 1220 2313 1303 singulis
2361 1222 2567 1283 rebus

364 1335 581 1417 gestis
651 1356 743 1398 ex
803 1336 963 1419 lege
1025 1335 1291 1399 virtutis
1351 1346 1536 1400 recte
1595 1336 1892 1400 iudicare
1941 1337 2193 1418 poterit
2243 1336 2566 1419 scriptor,

366 1462 595 1514 tamen
656 1472 810 1515 cum
855 1453 1202 1515 hominum
1247 1462 1392 1517 tum
1436 1453 1747 1535 gentium
1791 1453 2162 1535 imaginem
2209 1453 2385 1515 adeo
2435 1453 2567 1515 dis-

369 1577 620 1630 tortam
666 1569 753 1630 ab
799 1587 885 1630 eo
932 1568 1223 1650 accipiet
1268 1569 1485 1631 lector
1501 1618 1516 1644 ‚
1562 1577 1637 1632 ut
1680 1568 1796 1632 vel
1836 1570 2226 1632 stomachus
2257 1569 2370 1632 vel
2394 1568 2568 1631 risus

367 1684 431 1746 ei
493 1694 848 1747 moveatur
907 1685 1022 1767 qui
1082 1705 1307 1748 rerum
1350 1686 1747 1749 memoriam
1795 1706 2212 1769 cognoscere
2231 1734 2245 1761 ,
2293 1706 2430 1749 non
2477 1687 2565 1749 ad

368 1799 582 1863 vitam
629 1810 933 1864 sanctam
979 1801 1182 1885 dirigi
1226 1802 1410 1864 velit.
1460 1839 1541 1847 —
1591 1801 1910 1883 Denique
1931 1851 1946 1877 ‚
1994 1821 2149 1866 cum
2184 1801 2304 1864 illa
2332 1822 2569 1865 norma

369 1926 555 1978 recte
625 1927 696 1980 et
765 1926 1155 1980 constanter
1224 1918 1531 1981 adhiberi
1598 1918 1789 1981 nullo
1854 1919 2059 1980 modo
2122 1918 2338 1999 possit
2355 1966 2369 1993 ,
2429 1937 2568 1980 non

366 2051 655 2113 parvum
725 2032 1049 2114 aequitati
1115 2034 1408 2097 minatur
1467 2034 1975 2108 detrimentum;
2037 2053 2194 2095 nam
2247 2034 2377 2115 2qui
2422 2033 2566 2096 sine

370 2168 455 2209 ea
499 2167 723 2210 rerum
767 2149 1056 2230 scriptor
1099 2149 1466 2231 diligenter
1509 2148 1798 2212 fortasse
1844 2157 2162 2212 cauturus
2207 2147 2445 2212 fuisset
2472 2169 2559 2213 ne

368 2264 823 2327 narrationem
869 2284 1061 2327 suam
1108 2266 1331 2330 studio
1377 2265 1606 2346 aliquo
1652 2266 1768 2327 vel
1813 2265 1913 2327 ira
1958 2263 2139 2328 infici
2182 2273 2532 2346 pateretur
2552 2314 2567 2340 ‚

331 2380 337 2387 '
369 2380 502 2443 hac
561 2380 822 2443 ratione
886 2381 1190 2443 adhibita
1250 2380 1452 2444 facile
1498 2380 1837 2444 inducitur
1880 2389 1956 2444 ut
2001 2401 2043 2442 a
2090 2380 2402 2443 cautione
2450 2381 2569 2443 illa

370 2516 453 2558 ac
513 2495 868 2578 diligentia
932 2496 1140 2579 longe
1205 2497 1560 2560 discedens
1578 2545 1593 2572 ,
1640 2516 1765 2559 suo
1811 2495 2029 2559 favori
2074 2496 2188 2558 vel
2236 2496 2393 2558 odio
2414 2544 2428 2571 ,
2479 2498 2569 2558 ob

372 2612 543 2675 alias
609 2632 849 2676 causas
910 2613 1242 2694 susceptis
1259 2662 1273 2688 ‚
1337 2633 1660 2695 magnum
1722 2614 1951 2675 locum
1999 2612 2364 2686 concedat,
2414 2632 2568 2674 cum

373 2726 518 2789 fere
543 2737 549 2744 ’
578 2728 826 2791 inscius
870 2728 1166 2791 rationes
1213 2728 1554 2791 iudicandi
1598 2728 2104 2809 permutaverit.
2198 2726 2394 2810 Quae
2439 2727 2569 2808 ipsi

370 2843 650 2925 placent
666 2893 680 2919 ‚
728 2863 950 2906 rerum
995 2846 1211 2926 probe
1259 2854 1329 2907 et
1376 2853 1562 2907 caste
1593 2843 1953 2919 factarum,
1986 2863 2161 2925 quae
2187 2843 2564 2924 displicent,

377 2960 713 3023 scelerum
781 2958 999 3022 forma
1067 2960 1246 3023 ultro
1314 2960 1678 3023 induuntur
1695 3009 1709 3035 ‚
1773 2970 1844 3023 et
1905 2980 1989 3022 eo
2051 2959 2383 3022 incautius
2443 2959 2572 3021 sibi

374 3076 692 3159 indulget
738 3086 977 3140 auctor
992 3125 1006 3152 ,
1054 3096 1190 3157 quo
1236 3076 1459 3158 magis
1504 3085 1581 3140 ut
1625 3076 1888 3158 rigidus
1935 3096 2199 3139 morum
2244 3076 2573 3159 magister

376 3193 467 3255 ad
528 3192 795 3255 virtutis
853 3201 1227 3274 praecepta
1281 3193 1507 3255 omnia
1551 3192 1995 3274 perpendisse
2042 3192 2172 3254 sibi
2216 3191 2404 3254 visus
2451 3201 2570 3254 est.

379 3307 778 3371 Cavendum
847 3318 951 3371 est
1018 3310 1106 3371 ab
1177 3309 1506 3372 eiusmodi
1587 3329 1813 3371 rerum
1889 3317 2237 3391 gestarum
2314 3308 2571 3383 iudice;

379 3425 567 3506 atqui
613 3425 819 3487 etiam
865 3424 1198 3506 Polybius
1245 3425 1314 3487 in
1360 3426 1657 3507 quadam
1702 3425 2136 3488 historiarum
2165 3433 2360 3506 parte
2384 3424 2574 3485 illam

378 3541 649 3604 virtutis
692 3561 1000 3604 normam
1046 3562 1204 3605 cum
1252 3542 1388 3604 alia
1430 3541 1682 3606 invitus
1726 3541 2158 3623 permutavit.

470 3657 580 3720 De
641 3677 807 3720 vero
867 3658 1030 3719 boni
1075 3678 1302 3721 rerum
1348 3658 1696 3740 scriptoris
1741 3677 2022 3720 munere
2040 3705 2054 3732 ,
2103 3656 2219 3738 qui
2266 3656 2575 3719 omnibus

381 3775 585 3837 rebus
652 3773 962 3836 humanis
1022 3782 1348 3856 quantum
1409 3771 1555 3837 fieri
1614 3773 1832 3857 possit
1886 3772 2263 3855 perspectis
2279 3819 2294 3848 ,
2341 3772 2411 3834 in
2457 3792 2574 3834 eas

382 3910 550 3972 quas
634 3890 904 3955 tradere
971 3889 1142 3952 velit
1208 3910 1318 3952 res
1385 3897 1620 3972 gestas
1638 3938 1653 3965 ,
1724 3909 1895 3971 quos
1964 3888 2422 3970 descripturus
2489 3886 2576 3950 sit

381 4027 606 4070 mores
623 4054 637 4081 ,
710 4027 878 4088 quas
941 4005 1383 4088 explicandas
1442 4007 1698 4068 habeat
1751 4006 2140 4068 voluntates
2195 4011 2265 4066 et
2308 4002 2573 4065 indoles

381 4124 733 4186 hominum
789 4123 885 4187 ita
928 4132 1288 4206 penetrare
1334 4123 1587 4185 debeat
1633 4132 1710 4185 ut
1754 4131 2084 4208 appareat
2128 4140 2203 4183 se
2248 4139 2385 4182 non
2429 4119 2570 4200 qui·

382 4242 542 4303 dem
611 4239 837 4302 omnia
903 4240 1195 4322 probare
1265 4239 1384 4301 sed
1454 4238 1860 4320 intellegere
1925 4236 2150 4299 omnia
2167 4284 2181 4310 ,
2242 4244 2318 4298 ut
2370 4236 2573 4297 rebus

385 4356 659 4420 minutis
712 4355 1078 4438 diligenter
1122 4355 1464 4438 indagatis
1512 4364 1581 4417 et
1626 4375 1750 4417 suo
1796 4353 1952 4416 loco
1997 4352 2233 4436 positis
2277 4351 2571 4415 narratio
