3375 5084
1482 334 1560 392 35

434 507 792 570 referenda
837 517 941 570 est
987 508 1075 568 ad
1120 507 1414 569 studium
1459 526 1700 587 parum
1746 515 2138 569 accuratum
2184 516 2254 569 et
2298 506 2614 569 imitatio-

432 645 590 686 nem
679 644 921 705 parum
1009 624 1416 705 prudentem
1510 623 1939 705 antiquorum
2012 614 2573 704 philosophorum
2602 672 2616 697 ‚

436 740 739 822 inprimis
784 739 1105 801 Platonis,
1706 741 1709 746 ’

525 855 720 937 Quae
783 855 962 918 enim
1007 855 1182 917 libro
1231 864 1427 917 sexto
1477 856 1561 916 de
1608 874 1832 917 rerum
1877 854 2301 935 publicarum
2349 855 2613 936 generi-

431 974 562 1035 bus
611 981 681 1034 et
727 972 812 1033 de
860 972 1026 1033 orbe
1073 990 1209 1053 quo
1249 990 1507 1052 genera
1536 979 1895 1032 versantur
1926 970 2245 1050 exposuit
2270 969 2618 1052 Polybius,

431 1109 570 1150 non
632 1088 720 1150 ab
782 1088 930 1168 ipso
995 1086 1219 1148 omnia
1270 1086 1547 1148 inventa
1565 1134 1579 1160 ,
1626 1086 1812 1166 apud
1859 1105 2091 1147 omnes
2110 1134 2124 1159 ‚
2172 1085 2376 1147 credo
2400 1133 2414 1159 ,
2462 1104 2616 1146 con-

432 1212 586 1266 stat.
662 1201 803 1266 Sed
851 1202 1202 1265 consilium
1250 1222 1386 1284 quo
1434 1222 1519 1263 ea
1562 1201 1884 1283 repetivit
1931 1210 2002 1264 et
2045 1201 2241 1263 brevi
2283 1201 2620 1263 enarravit

430 1339 687 1380 novum
749 1327 854 1380 est
916 1327 986 1380 et
1038 1316 1333 1399 Polybio
1378 1317 1745 1398 proprium.
1837 1316 2016 1399 Agit
2062 1317 2240 1378 enim
2290 1318 2375 1378 de
2420 1336 2616 1399 repu-

430 1435 617 1498 blica
677 1434 1028 1508 Romana;
1095 1434 1556 1513 demonstrare
1619 1434 1849 1495 studet
1896 1453 2048 1495 eam
2093 1432 2584 1515 rempublicam
2603 1482 2617 1507 ‚

431 1570 844 1632 quamquam
901 1550 1104 1613 rebus
1147 1549 1442 1630 publicis
1489 1547 1770 1612 Graecis
1815 1568 1952 1610 non
1995 1568 2238 1629 parum
2283 1557 2585 1631 praestet
2602 1597 2616 1623 ,

430 1676 658 1729 tamen
675 1716 689 1741 ,
758 1687 914 1730 cum
979 1687 1069 1728 ex
1128 1666 1386 1728 eisdem
1431 1666 1739 1746 partibus
1787 1665 2162 1746 composita
2208 1665 2295 1728 sit
2312 1714 2326 1740 ,
2373 1665 2617 1746 sempi-

433 1792 696 1845 ternam
740 1799 878 1844 non
923 1802 1073 1845 esse
1121 1791 1190 1844 et
1238 1783 1603 1863 aliquando
1651 1801 1802 1844 esse
1850 1781 2285 1844 interituram.
2376 1780 2621 1863 Itaque

432 1919 569 1960 non
629 1899 914 1960 multum
978 1918 1229 1979 operae
1293 1898 1636 1961 collocare
1701 1898 1765 1960 ei
1826 1917 1997 1978 opus
2055 1906 2160 1960 est
2202 1897 2273 1959 in
2317 1897 2397 1959 iis
2443 1917 2619 1979 quae

438 2015 777 2106 derebus
822 2014 1114 2094 publicis
1161 2012 1440 2078 Graecis
1478 2014 1977 2095 praemittenda
2009 2022 2191 2088 sunt;
2225 2014 2388 2076 satis
2410 2013 2621 2076 habet

436 2130 631 2193 brevi
677 2130 1076 2211 exposuisse
1124 2131 1209 2192 de
1255 2130 1623 2212 generibus
1669 2150 1895 2193 rerum
1939 2129 2367 2211 publicarum
2411 2128 2620 2193 Grae-

441 2267 672 2309 carum
689 2294 704 2318 ,
775 2246 1119 2327 quomodo
1188 2246 1374 2307 aliud
1442 2266 1712 2329 semper
1776 2246 1845 2308 in
1913 2245 2098 2308 aliud
2160 2254 2459 2321 transeat
2478 2294 2492 2320 ,
2554 2254 2637 2307 et·

441 2383 598 2425 cum
657 2361 1070 2425 meminisset
1130 2361 1199 2423 in
1259 2361 1450 2424 libris
1509 2361 1813 2424 Platonis
1877 2362 2092 2424 multa
2150 2362 2387 2443 legere
2442 2381 2619 2443 quae

436 2479 787 2559 proposito
872 2498 996 2539 suo
1081 2477 1335 2539 servire
1421 2487 1703 2558 possent
1726 2526 1741 2551 ,
1815 2459 2055 2539 harum
2130 2497 2354 2540 rerum
2428 2476 2621 2558 quasi

433 2614 763 2656 summam
827 2614 1034 2676 quam
1097 2593 1496 2656 brevissime
1556 2592 1808 2656 factam
1868 2593 2231 2674 praemisit.
2326 2591 2622 2655 Consen-

434 2719 711 2772 taneum
758 2719 862 2772 est
879 2759 893 2784 ,
944 2730 1107 2772 eum
1155 2709 1286 2772 hac
1330 2709 1444 2771 via
1490 2710 1877 2792 ingressum·
1918 2708 2284 2772 sententias
2313 2707 2620 2770 Platonis

434 2828 655 2889 nudas
702 2836 771 2889 et
816 2845 1094 2889 mancas
1142 2826 1573 2908 exposuisse;
1622 2826 1758 2888 alia
1805 2827 2056 2889 addere
2072 2874 2085 2900 ,
2119 2825 2252 2887 alia
2276 2825 2587 2887 omittere
2607 2872 2622 2898 ,

439 2943 663 3005 omnia
715 2942 1145 3005 'contrahere
1217 2942 1468 3005 debuit.
1587 2941 1828 3024 Itaque
1907 2941 2123 3004 evasit
2197 2939 2618 3003 ratiocinatio

437 3079 646 3140 saepe
722 3059 942 3139 plane*
1005 3059 1395 3139 discrepans
1480 3078 1522 3119 a
1590 3058 1925 3120 sententia
1989 3057 2297 3120 Platonis
2314 3105 2329 3131 ,
2399 3072 2621 3137 neque

441 3173 776 3237 affirmare
822 3195 1180 3256 possumus
1222 3174 1586 3255 Polybium
1631 3183 1845 3237 totam
1874 3174 2051 3236 hanc
2079 3181 2344 3256 partem
2368 3192 2408 3234 e
2433 3170 2623 3233 libris

440 3291 748 3353 Platonis
816 3290 1216 3372 sumpsisse;
1285 3291 1408 3352 sed
1473 3290 1762 3372 primum
1823 3290 1994 3352 ratio
2056 3309 2260 3371 quam
2320 3287 2626 3369 sequitur

441 3407 750 3470 Platonis
808 3416 912 3470 est
927 3454 944 3479 ,
1009 3407 1255 3468 deinde
1300 3406 1607 3488 singulas
1654 3405 2022 3468 sententias
2070 3406 2156 3467 ab
2205 3425 2288 3467 eo
2335 3404 2622 3485 sumpsit

445 3543 617 3605 quas
662 3532 987 3605 tanquam
1033 3522 1346 3584 omnibus
1390 3531 1586 3584 notas
1633 3530 1704 3584 et
1746 3522 2191 3604 pervulgatas
2236 3519 2432 3582 brevi
2477 3529 2620 3582 tan-

443 3649 586 3701 tum
646 3639 898 3721 tangit,
958 3658 1126 3720 quas
1172 3638 1320 3720 ipse
1367 3637 1765 3719 excogitare
1810 3657 1948 3699 non
1989 3637 2324 3718 potuisset
2340 3684 2355 3710 ,
2401 3635 2516 3697 vel
2561 3635 2619 3696 si
2681 3692 2684 3695 .

446 3755 591 3836 ipse
655 3754 1120 3843 excogitasset
1175 3753 1450 3816 uberius
1510 3762 1580 3815 et
1626 3753 1966 3835 copiosius
2014 3751 2470 3834 exposuisset;
2516 3748 2622 3811 his

418 3871 790 3932 sententiis
807 3919 821 3945 ,
888 3889 1056 3952 quas
1111 3889 1250 3931 non
1303 3869 1515 3951 ipsius
1559 3869 1998 3952 persuasione
2044 3869 2167 3930 sed
2211 3866 2409 3929 unice
2456 3864 2621 3926 alio-

446 4006 597 4048 rum
665 3985 1067 4048 auctoritate
1134 3985 1257 4066 niti
1326 3995 1609 4068 apparet
1626 4034 1640 4061 ‚
1698 3986 1910 4048 utitur
1969 3984 2162 4066 quasi
2221 3983 2358 4045 iam
2418 3982 2622 4063 plane

447 4103 931 4185 comprobatae
979 4111 1049 4165 et
1095 4111 1322 4164 certae
1370 4111 1596 4165 essent
1611 4151 1626 4177 ,
1671 4122 1895 4184 neque
1941 4100 2224 4181 integris
2269 4099 2350 4161 iis
2381 4098 2620 4171 utitur,

445 4226 521 4279 ut
580 4237 622 4278 a
669 4216 971 4279 ‘Platone
1036 4227 1227 4280 erant
1285 4217 1602 4281 inventae
1621 4267 1635 4292 ,
1704 4217 1826 4279 sed
1884 4215 2191 4296 paullum
2252 4213 2620 4276 immutatis

444 4335 532 4396 ad
577 4335 1173 4398 consarcinandam
1218 4355 1393 4416 quae
1454 4316 1594 4416 ipsi¹
1627 4332 2001 4415 probabilis
2046 4331 2317 4394 videtur
2362 4305 2617 4412 opinio-
