3375 5084
1421 359 1504 416 99

983 529 1059 592 P.
1107 548 1166 592 a.
1215 553 1255 608 4
1296 525 1339 611 ¹)
2294 525 2450 597 299

370 645 541 707 Ibid.
602 666 656 708 c.
729 667 804 724 19
852 651 884 721 ἓ
935 666 969 724 5
1021 665 1117 728 sq.
1164 647 1241 709 P.
1289 667 1347 709 a.
1383 669 1423 724 4
1463 646 1642 729 (μετὰ
1670 643 1740 711 δὲ
1767 659 1978 713 ταῦτα
2005 649 2135 712 ἔτει

998 771 1282 850 τετάρτῳ
1298 788 1328 839 ,·
1370 784 1607 847 pugna
1637 765 1726 826 ad
1758 761 2135 845 Sentinum)
2269 758 2452 850 ,295

367 879 541 942 Ibid.
573 901 629 943 c.
672 901 694 942 1
710 902 749 959 9
775 885 804 956 ἓ
835 900 867 960 7
897 880 974 943 Ρ.
1001 901 1058 945 a.
1095 902 1173 943 1o
1196 880 1565 964 (Arretium
1591 881 1905 944 obsident
1930 879 2134 963 Galli)
2300 875 2452 947 285

367 1226 519 1289 Liv.
567 1226 671 1290 VI
717 1228 951 1291 Roma
996 1238 1201 1310 capta
2309 1224 2463 1295 390

366 1342 1089 1424 Liv.VII.c.9-15
1142 1350 1171 1421 ἓ
1221 1367 1260 1424 9
1308 1342 1460 1428 (Cfr.
1523 1364 1579 1407 c.
1652 1366 1719 1406 11
1792 1349 1823 1421 ἓ
1882 1365 1954 1422 3;
2010 1365 2129 1426 po·
2177 1339 2405 1410 361-
2412 1339 2564 1411 358

1041 1460 1425 1542 pulationes
1475 1460 1544 1522 in
1591 1497 1675 1505 —
1727 1496 1808 1504 ——
1859 1459 2139 1523 Albano

1042 1597 1214 1660 agro
1263 1571 1442 1659 360)

366 1691 519 1755 Liv.
565 1691 720 1755 VH.
767 1714 822 1757 e.
886 1713 1142 1773 23-—27
1359 1725 1363 1729 ·
2173 1687 2571 1760 350—349

367 1806 521 1870 Liv.
568 1807 757 1871 VIII.
821 1829 876 1872 c.
948 1829 1021 1889 17
1072 1815 1103 1886 ἓ
1153 1815 1191 1872 6
1240 1811 1320 1893 (a.
1370 1829 1494 1888 332
1546 1808 1949 1872 dictatorem
1996 1827 2138 1872 cre·
2305 1802 2458 1875 332

959 1934 1145 1988 atum
1221 1946 1373 1988 esse
1457 1925 1664 1989 tradit
1734 1926 1825 1988 ob
1892 1924 2143 1988 famam

962 2041 1130 2104 belli
1194 2039 1470 2117 Gallici,
1518 2041 1635 2123 qui
1681 2061 1837 2105 cum
1884 2042 2142 2105 exerci-

959 2168 1105 2221 tum
1148 2159 1529 2241 paravisset
1543 2207 1558 2233 ‚
1603 2158 1865 2222 invenit
1918 2158 2145 2221 omnia

962 2273 1195 2355 quieta
1242 2274 1414 2357 esse)

366 2388 521 2451 Liv.
592 2388 685 2452 X.
749 2410 804 2453 e.
880 2410 958 2451 10
1020 2388 1226 2473 (Galli
1285 2389 1609 2454 Etruscos
1656 2390 1881 2453 socios
1926 2389 2145 2453 factos

1006 2504 1372 2588 decipiunt)
2310 2498 2465 2570 299

366 2618 522 2682 Liv.
568 2619 661 2683 X.
713 2626 794 2683 26
841 2641 988 2703 sqq.
1035 2622 1289 2705 (pugna
1334 2622 1423 2684 ad
1467 2619 1848 2703 Sentinum)
2308 2615 2463 2686 295

366 2735 456 2798 In
512 2756 587 2799 re
649 2739 940 2800 obscura
999 2738 1166 2800 mihi
1227 2738 1436 2801 liceat
1494 2738 1956 2801 coniecturam
2015 2756 2399 2819 proponere
2445 2756 2581 2818 qua

373 2853 767 2935 explicetur
783 2903 799 2928 ,
887 2855 1230 2936 quomodo
1307 2854 1581 2919 traditio
1657 2838 1946 2918 Liviana
2021 2855 2319 2936 quodam
2395 2863 2579 2916 certe

367 2969 653 3033 vinculo
724 2990 880 3033 cum
948 2971 1333 3054 Polybiana
1402 2972 1785 3034 cohaereat.
1877 2970 2114 3034 Livius
2184 2971 2363 3034 enim
2381 3019 2396 3045 ,
2465 2970 2580 3032 vel

368 3086 678 3168 quisquis
734 3085 861 3150 fuit
914 3087 1032 3169 qui
1083 3109 1236 3151 eam
1282 3089 1715 3152 traditionem
1762 3089 2038 3170 qualem
2086 3088 2268 3169 apud
2313 3086 2582 3150 Livium

369 3203 447 3265 in
513 3203 702 3267 libris
770 3203 1137 3267 VI—VIII
1197 3206 1495 3288 legimus
1555 3204 1927 3268 memoriae
1989 3204 2413 3267 mandaverit
2433 3252 2447 3280 ‚
2514 3204 2584 3266 in

375 3318 841 3381 describendis
903 3320 1105 3383 bellis
1165 3319 1447 3384 Gallicis
1491 3321 1668 3383 hanc
1714 3319 2049 3383 rationem
2094 3320 2329 3383 tenuit.
2418 3318 2586 3381 Erat

375 3434 443 3497 ei
512 3435 710 3516 copia
770 3437 1107 3516 quaedam
1167 3437 1412 3518 partim
1473 3437 1933 3511 narrationum
1953 3485 1969 3510 ,
2030 3435 2278 3518 partim
2322 3434 2582 3497 fabula-

371 3570 530 3612 rum
575 3570 862 3631 quarum
886 3552 1082 3614 aliae
1129 3551 1198 3614 in
1246 3553 1539 3634 antiquis
1588 3553 1948 3615 annalibus
1994 3553 2082 3614 ad
2118 3561 2340 3615 certos
2373 3570 2583 3614 annos

371 3665 760 3747 adscriptae
831 3676 1023 3730 erant
1040 3716 1055 3742 ,
1131 3666 1306 3730 aliae
1323 3717 1337 3743 ‚
1409 3688 1563 3731 cum
1622 3679 1931 3750 tempore
2000 3688 2138 3731 non
2201 3665 2481 3730 definito
2544 3686 2583 3728 e

469 3874 511 3956 ¹)
570 3876 844 3951 Quatuor
886 3896 1075 3939 annos
1117 3878 1281 3956 apud
1322 3877 1557 3938 Livium
1600 3877 1849 3939 omissos
1889 3878 1952 3937 in
1992 3877 2216 3955 aliquot
2259 3875 2421 3936 fastis
2467 3874 2588 3936 dic·

377 3975 674 4037 tatoribus
731 3976 1041 4056 eponymis
1098 3978 1272 4059 datos
1328 3976 1408 4058 (a.
1453 3997 1603 4055 333,
1649 3998 1801 4055 324,
1847 3998 1997 4056 309,
2042 3975 2218 4057 301),
2262 3995 2300 4035 a
2338 3974 2589 4052 Polybio

376 4094 503 4136 non
544 4070 845 4136 numerari
886 4076 933 4136 si
975 4075 1288 4136 statuimus
1302 4123 1317 4151 ,
1363 4096 1684 4137 consensus
1728 4076 1880 4137 inter
1920 4075 2235 4155 Polybium
2264 4085 2323 4136 et
2352 4073 2588 4134 Livium

383 4174 691 4236 restitutus
749 4186 868 4251 est,
926 4185 993 4235 ut
1032 4174 1320 4235 indicavit
1360 4174 1538 4236 Niese
1578 4177 1617 4235 l.
1657 4177 1697 4234 l.
1740 4196 1799 4253 p.
1843 4196 1981 4249 410.
2063 4178 2185 4236 Eos
2225 4194 2415 4235 annos
2454 4182 2592 4250 post

375 4273 630 4335 Fabium
695 4276 937 4334 demum
999 4294 1035 4334 a
1091 4273 1477 4352 scriptoribus
1531 4273 1822 4336 Romanis
1875 4274 2123 4336 iniectos
2173 4293 2299 4335 esse
2315 4320 2330 4349 ,
2374 4282 2584 4333 auctor

377 4382 468 4433 est
510 4375 849 4433 Mommsen
889 4375 1064 4433 Rom.
1112 4374 1333 4433 Chron.
1382 4395 1441 4452 p.
1493 4393 1625 4452 115.
