3375 5084
1813 344 1896 402 62

756 552 867 595 rae
910 533 1329 614 reipublicae
1375 533 1796 595 enarraverit
1838 533 2176 595 interdum
2221 533 2462 595 relicta
2492 532 2660 594 exili
2689 532 2958 594 ratione

758 647 1101 710 annalium
1149 647 1504 711 continuas
1547 647 1970 710 narrationes
2014 647 2376 710 inseruisse
2423 649 2658 722 cred0,
2703 668 2958 729 nempe

755 764 839 826 iis
899 763 1069 826 locis
1085 812 1101 838 ,
1159 764 1406 844 quibus
1421 812 1437 838 ,
1492 784 1537 825 a
1579 762 1771 826 fonte
1814 764 2186 845 praecipuo
2231 765 2601 846 degressus
2615 812 2632 837 ,
2678 764 2955 826 aliunde

762 899 872 942 res
916 879 1243 941 memoria
1285 879 1533 961 dignas
1577 890 1928 942 assecutus
1973 889 2172 942 esset.

847 994 994 1057 lam
1063 996 1153 1057 de
1221 993 1521 1057 fonfibus
1589 976 1842 1075 qustms,⁴
1904 1015 2066 1057 usus
2127 1014 2280 1057 esse
2342 995 2614 1057 videtur
2671 994 2963 1068 Fabius,

756 1111 953 1174 boevi
998 1112 1484 1192 exponendum
1529 1111 1698 1173 mihi
1741 1122 1862 1174 est.
1954 1110 2036 1173 In
2080 1111 2473 1173 enarrandis
2517 1111 2722 1173 initiis
2771 1111 2962 1172 urbis

759 1240 831 1291 et
897 1227 1185 1290 nominis
1254 1227 1557 1290 Romani
1622 1228 1768 1290 fere
1833 1248 2070 1291 01111105
2132 1227 2578 1308 antiquissimi
2639 1237 2959 1291 auctorae

757 1342 1060 1406 Romani
1120 1342 1219 1405 ita
1276 1362 1432 1405 raro
1494 1343 1673 1406 inter
1730 1363 1806 1405 se
1852 1343 2256 1406 dissentiunt
2272 1391 2288 1417 ,
2333 1343 2550 1424 vulgo
2596 1342 2966 1405 concinunt

760 1470 831 1522 et
893 1479 938 1521 a
997 1478 1403 1541 graecorum
1465 1459 1940 1522 traditionibus
1981 1455 2024 1540 ¹)
2084 1459 2290 1540 plane
2352 1458 2604 1520 diversi
2647 1467 2804 1520 sunt
2823 1505 2839 1531 ‚
2888 1467 2967 1520 ut

770 1585 1070 1638 statuere
1138 1575 1342 1638 liceat
1408 1595 1645 1638 omnes
1713 1595 1833 1638 eos
1892 1587 2204 1638 auctorae
2221 1624 2237 1650 ,
2298 1574 2589 1637 Fabium
2648 1575 2965 1657 (quocum

762 1691 1065 1772 reliquos
1108 1691 1206 1754 ita
1251 1691 1633 1755 consentire
1677 1691 1884 1755 tradit
1929 1691 2211 1773 Dionys,
2259 1690 2310 1752 Ι.
2365 1711 2444 1770 79
2476 1701 2552 1753 ut
2576 1710 2697 1753 eos
2722 1710 2963 1752 omnes

763 1827 854 1870 ex
920 1807 1041 1869 illo
1109 1808 1415 1870 hausisse
1477 1809 1742 1883 credat,
1808 1793 1863 1891 ᾦ
2052 1811 2115 1872 οἱ
2167 1803 2431 1880 πλείους
2477 1803 2966 1887 ἠκολούθησαν)

763 1922 1067 1987 Cincium
1087 1972 1103 1998 ,
1149 1923 1442 1986 Ennium
1461 1972 1475 1997 ,
1522 1923 1768 2005 quibus
1813 1923 2112 1986 addendi
2155 1932 2311 1985 sunt
2357 1922 2702 1984 annalium
2747 1922 2966 1984 maxi-

763 2059 1030 2101 morum
1077 2049 1393 2102 auctores
1438 2035 1797 2120 pontifices
1814 2086 1829 2113 ,
1876 2048 2151 2101 secutos
2197 2058 2349 2100 esse
2394 2036 2648 2099 famam
2677 2037 2965 2118 popula-

762 2174 910 2218 rem
928 2204 944 2230 ,
1004 2174 1182 2236 quae
1244 2153 1519 2217 Romae
1582 2164 1734 2216 orta
1795 2163 1865 2216 et
1918 2173 2044 2235 per
2086 2155 2339 2216 multos
2384 2173 2598 2216 annos
2643 2162 2847 2215 aucta
2892 2162 2965 2216 et

763 2267 1177 2351 amplificata
1257 2289 1471 2351 usque
1555 2270 1645 2331 ad
1713 2269 1884 2331 illud
1952 2279 2223 2350 tempus
2290 2288 2428 2350 quo
2494 2269 2787 2350 primum
2854 2288 2968 2330 res

763 2395 1007 2469 gestae
1070 2385 1314 2448 litteris
1359 2385 1726 2447 mandatae
1772 2397 1928 2448 sunt
1945 2433 1960 2460 ,
2007 2386 2229 2448 solum
2275 2386 2344 2447 in
2389 2384 2620 2447 oribus
2663 2385 2966 2446 virorum

768 2501 1048 2564 vivebat
1067 2550 1081 2575 ,
1129 2510 1200 2563 et
1243 2499 1491 2563 fabulis
1507 2549 1522 2576 ,
1569 2520 1746 2582 quae
1793 2521 1948 2563 011111
1993 2501 2198 2564 variis
2243 2500 2698 2563 monumentis
2714 2512 2745 2575 ‚'
2775 2500 2964 2574 locis,

764 2617 1163 2692 arboribus;
1242 2617 1684 2680 caeremoniis
1761 2617 1910 2678 aliis
1977 2617 2182 2679 rebus
2257 2616 2659 2679 coniunctae
2729 2626 2922 2678 erant
2948 2665 2964 2689 ,

765 2732 1006 2808 ditata,
1054 2732 1424 2814 antiquitus
1453 2733 1994 2815 percrebruerat.
2060 2730 2264 2814 Quod
2293 2732 2703 2795 Plutarchus
2734 2732 2965 2814 (Rom.

765 2869 821 2912 c.
887 2870 924 2927 3
997 2858 1067 2911 et
1112 2869 1169 2912 0.
1219 2847 1282 2930 8)
1325 2858 1554 2911 narrat
1568 2897 1584 2923 ,
1629 2847 1918 2911 Fabium
1967 2868 2084 2910 eas
2129 2848 2526 2912 traditiones
2571 2848 2877 2911 hausisse
2925 2868 2967 2910 e

765 2965 959 3029 libris
1027 2965 1291 3029 Dioclis
1360 2966 1783 3057 ΡοΡε11011111,
1854 2966 1990 3029 iam
2057 2964 2381 3029 refutavit
2441 2964 2849 3048 Schwegler
2886 2964 2965 3047 2);

764 3081 1172 3145 Plutarchus
1242 3082 1450 3144 credo
1519 3082 1666 3144 sive
1736 3102 1929 3145 suam
1944 3130 1961 3156 ‚
2024 3083 2171 3146 sive
2233 3083 2406 3145 alius
2469 3082 2820 3145 cuiusdam
2883 3102 2970 3144 ea

764 3197 833 3259 in
891 3216 966 3260 re
1013 3196 1471 3260 coniecturam
1517 3198 1873 3278 proposuit
1887 3247 1901 3273 ‚
1949 3218 2104 3261 cum
2148 3208 2422 3280 putaret
2466 3197 2785 3262 Dioclem
2829 3197 2966 3280 pri-

765 3332 950 3375 mum
1035 3313 1492 3377 conditionem
1558 3314 1747 3376 urbis
1815 3315 2239 3378 enarravisse
2307 3315 2395 3398 (ὃς
2465 3315 2643 3380 δοκεῖ
2712 3320 2971 3398 πρῶτος

769 3425 1074 3495 ἐκδοῦναι
1130 3430 1395 3515 Ῥώμης
1444 3430 1698 3511 κτίσιν).
1788 3429 1868 3491 111
1915 3450 2001 3492 ea
2047 3440 2241 3512 parte
2289 3430 2542 3511 operiS,
2587 3449 2725 3512 qua
2768 3449 2880 3492 res
2926 3451 2972 3492 a
3010 3460 3022 3473 ·

769 3544 1050 3628 regibus
1120 3545 1382 3609 exactis
1451 3565 1666 3627 usque
1736 3547 1825 3608 ad
1882 3546 2141 3609 bellum
2202 3544 2542 3609 Gallicum
2610 3546 2767 3608 anni
2837 3567 2869 3607 2
2889 3567 2968 3625 19

771 3669 1007 3744 gestas
1068 3660 1425 3744 descripsit
1485 3661 1740 3724 Fabius
1757 3710 1772 3737 ,
1834 3662 2170 3724 interdum
2222 3661 2372 3724 fons
2421 3662 2483 3724 ei
2529 3661 2656 3726 fuit
2701 3662 2969 3725 tabula-

765 3775 937 3838 rium
1017 3776 1243 3858 gentis
1316 3796 1479 3839 suae
1500 3825 1514 3851 ‚
1585 3776 1763 3839 tituli
1829 3776 2200 3859 imaginum
2217 3824 2233 3849 ,
2302 3776 2729 3839 laudationes
2785 3773 2828 3856 ³)
2899 3776 2974 3838 in

775 3911 858 3954 eo
903 3892 1237 3973 reposita;
1283 3912 1420 3955 non
1465 3911 1663 3955 secus
1709 3901 1914 3974 atque
1960 3892 2202 3974 reliqui
2235 3912 2462 3955 rerum
2491 3891 2970 3955 Romanarum

859 4170 901 4252 ¹)
943 4174 1036 4232 De
1078 4172 1293 4249 quibus
1335 4171 1440 4231 cfr.
1486 4172 1826 4230 Mommsen
1866 4172 1942 4229 R.
1989 4170 2207 4230 Gesch.
2252 4172 2300 4228 I.
2342 4189 2402 4246 p.
2448 4169 2792 4246 465—468.
2844 4219 2851 4224 .

853 4270 903 4350 ²)
945 4273 991 4329 Ι.
1033 4291 1092 4348 p.
1140 4291 1255 4343 412
1302 4289 1431 4347 sqq.
1476 4271 1594 4331 Cfr.
1641 4271 1816 4328 Peter
1856 4270 1895 4329 1.
1936 4269 1975 4328 1.
2018 4289 2078 4346 p.
2122 4268 2395 4327 LXXXI.
2514 4298 2518 4303 v

853 4367 901 4449 ³³)
942 4369 1062 4428 Cfr.
1105 4368 1233 4428 Liv.
1262 4371 1341 4428 II.
1375 4386 1471 4443 47.
1509 4388 1599 4427 11.
1629 4369 1783 4427 Plut.
1814 4368 1957 4428 Fab.
1996 4387 2021 4426 1
2062 4369 2292 4428 Collato
2322 4366 2448 4427 Liv.
2478 4368 2673 4425 XXII.
2706 4387 2776 4443 31
2816 4375 2847 4438 ς
2877 4388 2979 4427 11.
