3375 5084
1414 356 1494 414 29

354 527 526 591 illud
578 527 934 609 respuitur.
1026 526 1268 609 Itaque
1314 527 1448 590 hoc
1493 529 1699 590 modo
1751 529 1961 592 oritur
2005 530 2258 594 iustitia
2306 531 2545 607 civilis,

356 644 502 706 sive
565 644 654 706 ad
714 643 1208 724 rempublicam
1269 644 1631 725 pertinens.
1698 683 1779 690 —
1839 646 2169 728 Polybius
2221 649 2548 712 virtutum

352 759 686 842 originem
757 759 1175 840 quaesivisse
1245 758 1518 821 videtur
1576 760 1645 821 in
1704 780 1837 823 usu
1879 771 2084 843 atque
2133 761 2548 846 experientia

337 873 621 958 generis
667 871 983 949 humani,
1033 884 1103 937 et
1149 874 1217 937 in
1263 875 1383 937 illa
1416 875 1931 939 ratiocinatione
1962 878 2094 940 hoc
2125 880 2547 960 propositum

349 991 792 1053 vehementer
854 966 1281 1071 probandum
1345 1010 1495 1053 esse
1560 1010 1840 1066 censeo;
1900 992 2073 1055 haec
2120 993 2292 1056 ratio
2339 994 2548 1056 veris·-

350 1106 521 1169 sima
576 1115 647 1169 et
708 1105 924 1168 multo
983 1104 1210 1168 sanior
1255 1125 1462 1187 quam
1506 1106 1815 1169 Platonis
1830 1155 1845 1181 ,
1894 1107 2010 1189 qui
2061 1128 2214 1170 cum
2262 1108 2549 1173 virtutes

355 1222 677 1285 divinitus
737 1221 977 1284 animis
1036 1221 1339 1285 incussas
1385 1242 1536 1285 esse
1585 1231 1838 1285 statuat
1878 1217 1920 1305 ¹)
1938 1272 1952 1298 ,
2005 1223 2172 1285 nihil
2220 1225 2519 1306 explicet
2535 1275 2549 1300 ,

352 1348 589 1403 contra
635 1358 780 1402 rem
827 1338 1049 1421 magis
1097 1339 1458 1401 obscuram
1501 1340 1761 1403 reddat.
1839 1337 1980 1403 Sed
2026 1350 2300 1421 praeter
2345 1342 2546 1405 ratio-

347 1476 506 1518 nem
553 1476 690 1538 qua
736 1455 948 1518 utitur
990 1455 1157 1518 nihil
1202 1444 1441 1518 verum
1489 1465 1560 1518 et
1603 1457 2034 1537 probandum
2081 1478 2231 1520 esse
2266 1479 2545 1533 censeo;

349 1572 672 1655 exempla
730 1592 909 1663 ‘quae
973 1573 1092 1635 dat
1153 1572 1426 1635 minime
1485 1570 1825 1636 sufficiunt
1872 1574 1961 1635 ad
2006 1593 2150 1636 rem
2199 1575 2548 1656 explican-

348 1689 524 1751 dam.
651 1688 828 1750 Nam
904 1708 1319 1771 quamquam
1398 1689 1479 1751 iis
1554 1689 1889 1771 exemplis
1963 1690 2288 1753 illustrari
2362 1701 2549 1755 recte

347 1814 577 1886 potest
647 1804 765 1887 qui
833 1803 1087 1883 factum
1157 1805 1244 1868 sit
1309 1815 1386 1869 ut
1455 1805 1642 1869 cives
1712 1827 1830 1869 eas
1897 1806 2183 1871 virtutes
2262 1828 2550 1890 quarum

347 1921 643 2002 pretium
707 1930 910 1984 antea
965 1921 1036 1983 in
1080 1920 1224 1983 vita
1267 1920 1537 2002 privata
1582 1922 2056 1985 tantummodo
2104 1924 2373 2005 experti
2418 1925 2552 1988 sint

347 2038 553 2101 etiam
615 2038 765 2101 aliis
825 2038 1084 2120 imponi
1133 2047 1203 2100 et
1247 2038 1619 2119 praescribi
1663 2038 1908 2113 velint,
1957 2039 2219 2102 etiamsi
2265 2040 2346 2103 iis
2394 2061 2550 2104 cum

346 2154 454 2217 his
500 2154 651 2217 aliis
696 2154 886 2217 nulla
934 2154 1360 2217 consuetudo
1404 2153 1784 2218 intercedat
1802 2203 1816 2229 ,
1866 2166 1935 2217 et
1980 2166 2056 2217 ut
2095 2155 2281 2218 cives
2314 2176 2550 2220 eorum

347 2269 723 2333 facinorum
774 2253 1034 2353 poenas
1084 2271 1230 2333 dari
1278 2270 1556 2352 cupiant
1600 2291 1779 2352 quae
1828 2291 1983 2334 cum
2030 2270 2100 2334 in
2147 2272 2319 2335 alios
2366 2260 2588 2335 com-⁶

347 2386 554 2449 missa
621 2387 755 2450 sint
773 2436 787 2462 ,
857 2386 987 2465 sibi
1052 2386 1216 2468 ipsis
1279 2386 1510 2449 statim
1572 2387 1821 2449 damno
1884 2407 2019 2450 non
2079 2387 2242 2450 sint:
2294 2388 2366 2451 id
2413 2399 2518 2452 est
2534 2439 2548 2464 ,

348 2503 690 2584 quomodo
750 2501 929 2586 leges
983 2511 1054 2565 et
1102 2499 1365 2564 iustitia
1402 2498 1674 2584 publica
1725 2511 1875 2564 orta
1921 2502 2084 2565 sint:
2137 2539 2221 2548 --
2269 2504 2546 2579 nemini,

348 2619 618 2700 opinor,
664 2620 837 2682 haec
887 2618 1210 2700 exempla
1256 2616 1569 2681 sufficere
1615 2618 2032 2681 videbuntur
2080 2620 2169 2681 ad
2201 2620 2547 2701 explican-

347 2737 512 2798 dum
557 2737 901 2819 quomodo
946 2736 1098 2818 ipsa
1142 2736 1357 2799 virtus
1376 2784 1390 2811 ,
1440 2735 1588 2816 ipse
1637 2735 1935 2798 iustitiae
1986 2755 2225 2798 sensus
2269 2736 2338 2798 in
2368 2737 2549 2800 rudi-

346 2854 475 2914 bus
537 2852 914 2934 priscorum
970 2851 1321 2915 hominum
1376 2851 1715 2914 mentibus
1763 2861 1952 2914 ortus
1999 2860 2070 2914 et
2116 2850 2547 2915 confirmatus

346 2968 451 3031 sit.
550 2967 857 3031 Iustitiae
935 2950 1174 3031 sensus
1248 2988 1475 3049 neque
1552 2968 1622 3030 in
1700 2967 2105 3030 educatione
2179 2968 2548 3032 liberorum

343 3105 567 3167 neque
635 3084 706 3147 in
773 3085 877 3147 ira
944 3086 1034 3148 ob
1100 3083 1436 3148 beneficia
1503 3085 1683 3148 male
1755 3095 2188 3149 remunerata
2254 3086 2548 3168 primum

347 3201 789 3283 conspicitur:
854 3199 1072 3264 adfuit
1134 3209 1206 3262 et
1267 3200 1492 3282 viguit
1551 3200 1672 3263 ubi
1731 3201 2025 3282 primum
2073 3196 2398 3264 ‘homines
2450 3202 2548 3264 in-

347 3318 650 3380 columes
710 3318 894 3399 ipsos
948 3316 1182 3380 vivere
1227 3326 1298 3380 et
1343 3337 1499 3380 rem.
1535 3337 1731 3379 suam
1776 3316 2177 3381 familiarem
2223 3318 2548 3381 intactam

347 3455 422 3497 se
468 3454 741 3497 servare
789 3435 1175 3516 cupierunt,
1223 3434 1409 3515 quod
1455 3432 1601 3496 fieri
1649 3453 1787 3496 non
1823 3454 2026 3515 posse
2076 3454 2240 3497 mox
2279 3434 2546 3516 experti

345 3558 504 3612 sunt
567 3543 695 3612 nisi
762 3549 912 3612 aliis
972 3549 1155 3612 idem
1221 3549 1692 3615 concederent.
1785 3548 2056 3613 Deinde
2116 3551 2302 3632 quod
2348 3550 2514 3615 dicit
2530 3598 2543 3624 ,

347 3685 440 3728 ex
487 3664 782 3728 iustitiae
829 3684 1030 3728 sensu
1078 3662 1334 3726 factum
1383 3684 1534 3727 esse
1580 3673 1656 3727 ut
1701 3680 1906 3747 reges
1947 3664 2209 3729 ratione
2253 3683 2546 3747 regnare

343 3790 625 3863 possent
670 3790 743 3843 et
791 3789 1212 3855 crearentur,
1259 3779 1331 3842 id
1376 3780 1583 3861 plane
1619 3779 2152 3862 improbandum
2200 3800 2349 3855 esse
2380 3780 2545 3842 mihi

344 3895 645 3973 videtur3
724 3894 1146 3958 consuetudo
1217 3894 1671 3976 obsequendi,
1743 3894 1915 3957 lucri
1983 3903 2333 3975 quaestus,
2406 3913 2542 3975 quo

341 4011 654 4074 nonnulli
711 4010 1077 4074 incitantur
1129 4011 1219 4073 ad
1263 4010 1415 4093 regi
1460 4030 1664 4092 opem
1709 4008 2058 4073 ferendam
2076 4057 2091 4084 ,
2141 4018 2417 4090 praeter
2462 4028 2546 4071 ea

345 4126 525 4190 aliae
572 4146 680 4189 res
695 4175 709 4201 ,
756 4127 980 4209 magis
1024 4126 1155 4191 hac
1201 4125 1271 4188 in
1316 4145 1390 4189 re
1436 4126 1735 4189 valuisse
1780 4125 1946 4188 mihi
1991 4123 2322 4191 videntur.

439 4378 482 4459 ¹)
524 4380 617 4437 Ex
660 4398 748 4456 gr.
790 4378 960 4437 Plato
1001 4374 1176 4437 Polit.
1219 4395 1271 4435 c.
1317 4392 1393 4452 47
1435 4374 1598 4456 (pag.
1644 4396 1761 4454 309
1805 4374 1901 4457 C.)
