3375 5084
1359 379 1477 450 165

330 565 685 630 Sellasiam
758 565 901 628 fere
980 567 1257 630 easdem
1323 567 1706 648 'eodemque
1775 569 1978 630 modo
2050 581 2510 651 exposuerunt

329 681 653 763 Polybius
700 691 770 744 et
815 681 1255 756 Plutarchus;
1305 703 1716 764 quamquam
1761 684 1870 748 hic
1918 683 2194 767 (Cleom.
2243 706 2297 748 c,
2334 707 2504 764 32—-

330 797 429 877 37)
489 798 576 860 de
642 796 1008 864 Cleomene
1067 797 1532 862 Alexandriae
1590 801 1887 881 degente
1935 802 2155 882 deque
2204 802 2507 864 eiusdem

324 922 538 986 morte
586 913 930 995 aliquanto
977 914 1249 977 uberius
1296 915 1443 997 agit
1457 964 1471 990 ,
1520 916 1771 978 multas
1816 916 2249 992 narrationeS,
2283 916 2506 980 facete
2598 938 2602 942 ·

323 1029 505 1091 dicta
521 1077 535 1103 ,
596 1030 870 1092 nomina
930 1049 1281 1111 apponens
1339 1050 1515 1111 quae
1575 1051 1713 1094 non
1775 1032 1999 1093 omnia
2059 1033 2242 1112 apud
2303 1008 2507 1113 Poly-

322 1145 511 1207 bium
540 1145 643 1228 (V.
677 1166 732 1209 c.
767 1166 980 1224 35—3
991 1145 1050 1227 9)
1084 1155 1338 1209 extant.
1394 1145 1634 1227 Itaque
1657 1149 1830 1211 haec
1853 1148 2048 1210 brevi
2073 1167 2505 1228 componam:

409 1261 587 1325 Plut.
650 1282 705 1324 e.
772 1284 855 1340 34
920 1262 1085 1344 (Pol.
1144 1283 1198 1325 c.
1248 1262 1353 1342 36)
1402 1260 1743 1338 SosibiuS‚
1788 1263 2045 1346 Magae
2090 1263 2279 1327 fratri
2321 1265 2508 1346 regis

319 1377 593 1439 insidias
651 1377 912 1440 laturus
929 1425 942 1452 ,
1008 1376 1393 1441 Cleomenis
1458 1379 1786 1441 auxilium
1842 1380 2015 1461 petit
2061 1380 2242 1462 quod
2286 1380 2343 1442 is
2390 1381 2504 1442 ab·

316 1492 461 1555 nuit
530 1492 761 1555 dicens
836 1493 932 1568 „si
992 1492 1141 1556 fieri
1199 1503 1434 1575 posset
1497 1495 1704 1557 etiam
1764 1495 1995 1575 plures
2054 1494 2295 1558 fratres
2356 1496 2506 1579 regi

315 1609 773 1689 procreandos
817 1609 1045 1690 potius
1090 1608 1293 1672 esse.''
1360 1609 1443 1672 Id
1486 1609 1819 1691 Polybius
1863 1630 1999 1673 non
2046 1611 2267 1674 tradit.
2328 1612 2505 1674 Tum

318 1722 661 1787 Sosibium
707 1725 921 1807 copiis
968 1725 1406 1788 conducticiis
1454 1723 1735 1789 Graecis
1784 1724 2076 1789 diffisum
2101 1727 2506 1790 Cleomenes

315 1843 499 1904 bono
561 1840 785 1904 animo
849 1862 999 1905 esse
1058 1842 1248 1904 iubet
1293 1842 1476 1923 quod
1520 1843 1716 1906 multi
1763 1863 1853 1905 ex
1897 1844 1979 1906 iis
2024 1843 2505 1925 Peloponnesii

315 1958 447 2020 sint
466 2006 481 2033 ,
552 1977 954 2039 quocunque
1022 1959 1170 2040 ipse
1237 1968 1443 2021 vocet
1510 1959 1688 2022 ultro
1761 1960 2074 2023 secuturi.
2181 1959 2262 2023 Id
2324 1961 2505 2042 apud

314 2082 673 2154 utrumque
733 2073 916 2136 idem
976 2072 1111 2156 (cfr.
1174 2073 1353 2137 Plut.
1402 2076 1527 2138 κᾶν
1577 2081 1779 2154 μόνον
1829 2078 2039 2159 νεύσῃ.
2090 2112 2172 2120 -
2220 2075 2367 2139 Pol.
2418 2081 2501 2155 36

312 2194 343 2265 ἕ
392 2211 430 2267 4
482 2184 578 2264 οἷς
629 2190 742 2252 ἐὰν
794 2193 1110 2271 νεύσωμεν
1161 2197 1341 2272 ἡμεῖς
1386 2196 1588 2273 μόνον
1638 2190 1761 2272 —-).
1831 2190 2051 2254 Addit
2094 2191 2503 2256 Plutarchus

314 2306 572 2369 dictum
641 2306 824 2386 quod
885 2316 1030 2368 tum
1090 2305 1464 2381 ferebatur,
1531 2305 1970 2370 Cleomenem
2030 2308 2099 2370 in
2167 2308 2501 2390 Aegypto

312 2422 495 2484 leoni
564 2421 739 2484 inter
800 2432 967 2484 ove's
1027 2422 1328 2485 versanti
1389 2422 1678 2485 similem
1741 2443 1909 2486 esse.
1999 2423 2191 2486 Idem
2247 2424 2502 2487 dictum

308 2537 544 2618 paullo
595 2546 750 2600 ante
799 2535 1070 2601 Sosibio
1116 2538 1352 2602 tribuit
1397 2538 1544 2601 Pol.
1591 2539 1667 2620 (c.
1718 2559 1798 2617 35
1851 2544 1882 2615 ἓ
1938 2538 2052 2620 13).

397 2652 577 2716 Plut.
643 2674 697 2716 c.
765 2675 847 2732 34
912 2653 1074 2737 (fere
1129 2655 1372 2718 eadem
1417 2655 1694 2718 uberius
1739 2655 1886 2719 Pol.
1935 2676 1989 2719 c.
2041 2654 2178 2738 35);
2227 2676 2498 2737 compa-

306 2769 642 2832 rationem
685 2790 840 2833 cum
884 2770 1029 2852 Api
1075 2791 1211 2834 non
1253 2772 1467 2834 habet
1512 2771 1858 2854 Polybius,

394 2885 575 2949 Plut.
645 2907 699 2949 c.
773 2906 852 2965 35
926 2886 1093 2970 (Pol.
1163 2908 1218 2950 c.
1290 2909 1370 2967 37
1437 2888 1571 2971 sq.).
1680 2887 2060 2971 Nicagoras
2117 2887 2499 2952 Messenius

307 3001 803 3064 Alexandriam
863 3002 1066 3065 venit.
1158 3002 1241 3065 Ei
1299 3003 1369 3065 in
1431 3013 1682 3066 terram
1740 3003 2177 3067 descendenti
2224 3005 2497 3068 obviam

304 3117 380 3182 fit
446 3117 850 3182 Cleomenes
910 3118 1085 3182 forte
1145 3119 1233 3182 ad
1277 3128 1548 3201 portum
1596 3122 2047 3183 obambulans
2091 3120 2213 3202 (Pl.
2262 3123 2490 3207 ἔτυχεν

308 3237 377 3300 ἐν
453 3239 533 3316 τῇ
601 3231 870 3316 κρηπῖδι
935 3243 1045 3301 τοῦ
1111 3230 1369 3320 λιμένος
1434 3240 1852 3318 περιπατῶν,
1909 3236 2056 3300 ΡΟῙ.
2105 3257 2159 3300 C.
2211 3257 2289 3318 37
2342 3243 2373 3315 ἓ
2423 3245 2494 3302 8:

307 3345 803 3435 καταλαμβάνει
876 3346 1214 3434 Κλεομένη
1285 3356 1395 3416 καὶ
1468 3357 1582 3417 τὸν
1643 3351 1924 3416 Παντέα
1971 3358 2080 3419 καὶ
2129 3352 2492 3433 μετ-ἀὐτῶν

306 3463 593 3531 Ἶππέαν
660 3468 728 3530 ἐν
793 3474 881 3550 τῷ
946 3463 1159 3546 λιμένι
1225 3470 1401 3551 παρὰ
1467 3475 1585 3551 τὴν
1635 3466 1922 3552 κρηπῖδα
1971 3471 2493 3554 περιπατοῦντα).

304 3582 483 3644 Fere
528 3582 754 3644 omnia
798 3583 862 3645 h.
911 3583 953 3645 1.
1002 3584 1275 3657 eadem;
1325 3604 1501 3666 quae
1550 3583 1869 3648 differunt
1915 3595 2069 3648 sunt
2116 3573 2320 3648 causa
2358 3588 2493 3650 odii

303 3698 691 3780 Nicagorae
709 3748 723 3774 ,
791 3720 994 3782 quem
1056 3701 1438 3764 etiamnunc
1500 3722 1618 3764 aes
1675 3703 1981 3765 debitum
2037 3723 2079 3765 a
2124 3701 2493 3767 Cleomene

304 3815 701 3896 poposcisse
762 3816 968 3878 tradit
1030 3815 1466 3891 Plutarchus3
1516 3819 1724 3880 etiam
1771 3818 2061 3899 epistola
2105 3817 2490 3900 Nicagorae

306 3951 443 4012 qua
505 3929 814 3995 Sosibius
877 3930 1313 3995 Cleomenem
1370 3933 1657 4014 perdere
1704 3934 1991 3997 instituit
2009 3947 2034 4008 ,’
2067 3953 2206 3996 non
2251 3936 2492 3998 eadem

307 4057 443 4122 est3
504 4048 681 4112 Plut.
742 4050 949 4112 tradit
1008 4050 1078 4112 in
1142 4070 1227 4112 ea
1271 4050 1596 4132 scriptum
1640 4049 1846 4114 fuisse
1893 4049 2329 4114 Cleomenem
2374 4052 2491 4113 ubi

306 4186 521 4228 naves
582 4176 650 4229 et
710 4168 1072 4248 pecuniam
1134 4168 1221 4230 ad
1273 4167 1530 4230 bellum
1576 4169 1949 4249 gerendum
1996 4188 2038 4229 a
2082 4188 2251 4250 rege
2298 4188 2488 4231 acce-

307 4282 522 4362 pisset
538 4330 552 4356 ,
607 4281 911 4366 Cyrenen
957 4303 1356 4365 oppugnare
1402 4283 1700 4345 animum
1742 4283 2120 4357 induxisse;
2157 4282 2488 4364 Polybius

308 4399 404 4461 ait
471 4399 540 4460 in
607 4399 849 4462 litteris
916 4400 1240 4482 scriptum
1301 4398 1507 4462 fuisse
1568 4398 2006 4463 Cleomenem
2024 4448 2037 4469 .
2099 4401 2154 4462 si
2217 4420 2259 4462 a
2315 4420 2483 4483 rege
