3375 5084
1428 409 1548 467 243

382 584 507 647 sed
579 584 787 646 etiam
851 584 982 645 hoc
1048 602 1170 644 suo
1232 582 1496 645 virtutis
1544 583 1758 643 amori
1804 602 1877 644 se
1925 583 2177 644 debere
2225 593 2458 645 censet
2502 593 2577 645 ut
2658 571 2662 586 ’

379 701 627 763 iterum
695 708 901 780 atque
972 699 1214 761 iterum
1283 699 1595 760 ostendat
1658 709 2077 780 quantopere
2134 719 2176 760 a
2221 699 2577 779 disciplina

384 814 656 877 honesti
724 810 1127 876 deflexerint
1168 809 1241 892 ¹);
1306 813 1487 893 quod
1548 812 1810 874 etiamsi
1870 812 2058 874 nulla
2113 832 2221 875 res
2266 811 2547 894 fingitur
2563 861 2577 886 ‚

385 933 476 993 ab
521 930 842 993 historiae
887 949 1013 991 usu
1059 937 1129 991 et
1173 928 1505 1010 dignitate
1552 928 2033 991 alienissimum
2079 937 2199 990 est.

473 1046 699 1109 Etiam
768 1046 854 1140 de
923 1044 1224 1125 Philippi
1292 1044 1567 1126 ingenio
1593 1093 1607 1119 ‚
1678 1045 1862 1125 quod
1927 1064 2107 1107 nunc
2175 1045 2577 1106 adumbrare

383 1163 584 1225 nobis
630 1182 765 1224 non
811 1161 1002 1236 licet,
1052 1181 1142 1223 ex
1188 1162 1429 1223 eadem
1474 1160 1734 1223 ratione
1782 1160 2001 1223 minus
2045 1169 2229 1223 recte
2253 1160 2578 1223 iudicavit

382 1267 733 1361 Polybius
826 1277 981 1341 Hoc
1045 1278 1287 1359 cuique
1350 1286 1636 1359 apparet
1652 1326 1665 1352 ,
1729 1276 2093 1359 Polybium
2157 1296 2313 1339 eum
2359 1278 2448 1338 ab
2494 1297 2578 1339 eo

383 1405 694 1477 tempore
755 1393 898 1457 fere
944 1394 1013 1456 in
1061 1414 1280 1463 omne,
1305 1393 1530 1456 scelus
1574 1394 1789 1455 ruisse
1838 1413 2117 1455 censere
2138 1442 2152 1467 ‚
2198 1413 2332 1474 quo
2379 1391 2579 1454 Arati

386 1511 583 1573 senili
644 1520 714 1573 et
772 1510 1062 1572 molesta
1106 1509 1323 1572 tutela
1368 1509 1668 1582 deserta,
1716 1508 1872 1570 huic
1919 1508 2224 1570 minister
2268 1508 2577 1570 consilio-

382 1646 534 1689 rum
603 1647 754 1689 esse
823 1646 960 1688 non
1029 1625 1318 1707 amplius
1380 1625 1613 1687 voluit.
1708 1622 1851 1688 Sed
1916 1624 2119 1686 etiam
2164 1624 2234 1685 in
2280 1623 2581 1705 Philippi

320 1741 327 1746 ’
385 1744 591 1804 rebus
636 1741 1070 1824 agnoscimus
1116 1741 1539 1804 voluntatem
1583 1760 1749 1803 vere
1796 1739 2154 1803 iudicandi.

480 1854 773 1920 Omnino
836 1856 1034 1920 Arati
1099 1876 1372 1920 causam
1429 1865 1736 1919 sanctam
1779 1856 2032 1918 habuit.
2126 1853 2469 1936 Quidquid
2517 1855 2582 1916 ei

390 1974 644 2036 resistit
691 1981 795 2036 est
838 1973 1136 2036 malitiae
1185 1983 1255 2035 et
1299 1973 1625 2035 audaciae
1665 1970 1727 2053 ²).
1795 1972 1898 2034 Ea
1944 1982 2048 2034 est
2094 1991 2355 2033 summa
2400 1971 2582 2033 salus

388 2089 658 2171 oppidis
706 2088 1035 2154 Graeciae
1054 2137 1067 2164 ‚
1115 2098 1192 2151 ut
1238 2090 1326 2150 ab
1374 2088 1593 2151 Arato
1625 2089 2007 2169 capiantur,
2039 2096 2320 2169 propter
2340 2087 2580 2168 benig-

385 2206 672 2269 nitatem
715 2206 924 2288 ipsius
972 2214 1042 2269 et
1087 2205 1528 2268 Achaeorum
1568 2205 1628 2286 ³).
1722 2202 1855 2285 Qui
1909 2207 1996 2266 ab
2045 2204 2188 2266 eius
2236 2200 2582 2267 Societate

386 2323 627 2384 urbem
698 2321 996 2403 aliquam
1065 2321 1355 2383 retinere
1425 2330 1710 2383 conatur
1726 2369 1740 2395 ‚
1809 2319 2164 2401 indignum
2227 2317 2584 2380 committit

388 2436 652 2501 facinus
705 2427 789 2519 4)';
861 2457 1036 2519 quae
1105 2438 1266 2499 urbs
1335 2438 1425 2498 ab
1495 2456 1578 2499 ea
1644 2457 1719 2498 se
1788 2435 2027 2498 revelli
2093 2453 2231 2496 non
2296 2433 2553 2515 patitur
2568 2480 2581 2507 ‚

382 2638 464 2698 ad
484 2637 658 2697 Arati
679 2636 1139 2698 commentarios
1160 2638 1349 2697 refero
1370 2635 1513 2718 (vid.
1538 2656 1700 2712 supr.
1724 2655 1783 2712 p.
1815 2652 1930 2712 154
1944 2632 2077 2713 sq.),
2101 2632 2206 2691 sed
2230 2651 2351 2691 non
2367 2629 2584 2690 omnia.

382 2739 541 2795 Nam
584 2738 688 2795 IV.
736 2757 770 2813 3
814 2745 1015 2795 narrat
1057 2755 1158 2796 eos
1201 2734 1543 2813 Phigaleam
1589 2733 1792 2810 copias
1835 2752 1975 2792 cum
2019 2731 2173 2790 duce
2216 2728 2436 2788 misisse
2451 2774 2465 2802 ‚
2510 2727 2588 2787 ad

383 2855 478 2895 res
533 2834 929 2912 Peloponnesi
977 2834 1377 2895 observandas
1394 2879 1409 2908 ,
1456 2852 1638 2910 quam
1678 2830 2053 2892 insolentiam
2096 2828 2195 2888 vix
2235 2826 2372 2887 ferri
2413 2846 2587 2903 posse

386 2945 608 2996 censet.
638 2973 643 2977 0
690 2936 742 2993 E
784 2933 1068 3012 proximis
1109 2943 1387 3011 apparet,
1432 2934 1678 2993 Aetolos
1723 2950 1934 2991 cavere
1978 2927 2232 2990 voluisse
2269 2946 2345 2985 ne
2369 2926 2588 2985 Messe-

383 3054 498 3095 nae
553 3033 884 3112 patrocinio
926 3034 1298 3111 privarentur
1318 3079 1332 3106 ,
1376 3050 1557 3109 quam
1601 3031 1894 3091 rationem
1935 3046 2258 3109 agnoscere
2300 3026 2590 3086 debuerat

385 3133 686 3212 PolybiuS.
770 3133 887 3193 Sed
935 3133 1075 3193 huic
1115 3152 1208 3192 res
1248 3130 1491 3210 indigna
1532 3131 1767 3191 videtur
1810 3130 1974 3207 quod
2015 3128 2098 3188 ita
2139 3129 2363 3186 Aratus
2405 3125 2588 3212 impe-

383 3231 659 3293 diebatur
728 3231 871 3309 quin
932 3225 1241 3291 Messenen
1312 3230 1391 3290 ad
1454 3230 1705 3290 salutem
1725 3275 1739 3304 ,
1804 3247 2020 3306 nempe
2083 3226 2163 3286 ad
2231 3224 2588 3285 Societatem

386 3330 718 3391 Achaicam
736 3377 750 3406 ,
795 3332 950 3390 clam
992 3330 1340 3415 adduceret.

489 3428 528 3511 ¹)
586 3416 711 3491 'Cfr.
776 3440 1009 3507 praeter
1064 3430 1144 3488 1.1.
1208 3432 1283 3488 II.
1351 3450 1445 3506 43.
1507 3450 1581 3506 95
1637 3432 1735 3503 46.
1797 3448 1831 3504 3
1872 3424 2222 3509 (πλεονεξία);
2268 3426 2372 3482 IV.
2418 3443 2472 3499 3.
2525 3442 2586 3497 13

397 3534 469 3590 16
527 3538 555 3602 ἓ
613 3551 679 3605 23
741 3550 835 3607 29.
898 3548 929 3608 5
974 3549 1061 3606 sq.
1105 3529 1187 3610 (τὸ
1223 3543 1323 3589 τῶν
1363 3533 1684 3608 ῥαδιουργῶν
1725 3534 1812 3588 καὶ
1850 3533 2076 3588 κλεπτῶν
2119 3522 2331 3605 φῦλον);
2377 3525 2471 3596 67.
2517 3542 2587 3595 43

392 3633 502 3704 623
561 3631 785 3690 XVIII.
846 3649 941 3705 34.
1006 3646 1072 3705 73
1115 3630 1314 3688 XXX.
1367 3648 1440 3700 14
1481 3634 1509 3698 ξ
1557 3646 1582 3684 1
1630 3645 1752 3702 sq.;
1796 3626 1861 3685 P.
1906 3644 2002 3702 ap.
2044 3622 2171 3682 Liv.
2214 3622 2465 3681 XXVII.
2513 3640 2588 3696 30

388 3728 468 3788 in.
513 3726 838 3808 (ferocioris
881 3747 1060 3804 quam
1101 3747 1213 3805 pro
1255 3724 1502 3805 ingeniis
1545 3725 1916 3784 Graecorum
1959 3721 2202 3804 gentis);
2235 3719 2471 3798 passim.
2518 3720 2589 3776 In

390 3826 785 3888 orationibus
823 3829 897 3887 ex
958 3846 1123 3886 more
1179 3825 1475 3885 iudicatur
1535 3844 1609 3883 ex
1664 3833 1862 3883 mente
1918 3821 2167 3882 oratoris
2186 3867 2200 3894 ,
2245 3830 2303 3880 et
2346 3817 2587 3895 quidem

391 3935 606 3986 contra
659 3909 906 3986 Aetolos
960 3924 1165 3985 dicunt
1221 3923 1504 4001 Lyciscus
1561 3922 1686 4004 (IX.
1734 3924 1828 3997 38.
1874 3920 1966 4002 6),
2011 3919 2356 3980 Aristaenus
2401 3916 2490 3998 (P.
2534 3936 2587 3976 a.

392 4028 462 4085 L.
504 4027 784 4084 XXXIV.
829 4044 881 4085 e.
929 4023 1046 4106 24).
1129 4022 1493 4081 Flamininus
1535 4020 1702 4102 (ibid.
1748 4041 1799 4079 c.
1845 4019 1977 4099 49);
2021 4037 2131 4095 pro
2161 4017 2243 4085 ,iis
2285 4014 2588 4076 Hannibal

392 4124 484 4205 (P.
529 4144 624 4201 ap.
668 4123 795 4183 Liv.
837 4124 1117 4183 XXXVI.
1162 4142 1212 4181 e.
1264 4121 1341 4202 7).

479 4220 531 4304 2)
573 4228 755 4284 ἀδικία
791 4229 878 4283 καὶ
915 4226 1111 4302 τὸλμα,
1157 4221 1262 4279 cfr.
1305 4221 1382 4278 II.
1428 4239 1524 4295 43.
1576 4239 1678 4293 103
1726 4236 1822 4296 45.
1874 4237 1924 4275 1.

485 4319 938 4403 3)·φιλαν3ρωπία
978 4320 1079 4378 cfr.
1127 4321 1205 4378 II.
1253 4337 1346 4397 57.
1393 4319 1461 4393 83
1508 4319 1602 4394 38.
1648 4319 1704 4376 8.

482 4419 533 4502 4)
575 4422 679 4479 IV.
727 4440 762 4496 3
805 4430 864 4479 et
906 4416 1060 4479 alibi.
