3375 5084
1385 382 1499 442 177

349 551 545 613 huius
592 552 689 614 rei
736 552 1085 615 consulem
1131 555 1490 617 certiorem
1537 554 1699 618 fecit
1730 550 1786 636 ¹).
1816 592 1896 598 ——
1924 555 2176 618 Postea
2203 555 2534 637 Polybius

348 668 436 729 ab
482 667 716 730 amicis
764 668 999 731 Persei
1045 670 1331 743 audivit,
1387 669 1764 732 Eumenem
1812 692 1941 748 3oo
1987 671 2245 734 talenta
2288 692 2535 752 popos-

347 783 519 845 cisse
587 804 674 845 ne
743 785 1010 848 iuvaret
1077 785 1264 848 bello
1334 805 1649 848 romanos
1722 795 1903 848 terra
1964 786 2266 867 marique
2285 836 2298 861 ‚
2368 809 2536 850 1ooo

346 899 606 961 talenta
663 901 1051 963 mercedem
1106 902 1298 982 pacis
1342 903 1719 982 patrandae
1766 922 1923 964 cum
1970 903 2303 965 Romanis
2342 902 2402 984 ²).
2451 941 2533 947 ——

343 1013 665 1076 Fortasse
711 1014 841 1077 hac
886 1015 956 1077 in
1001 1034 1074 1077 re
1120 1016 1318 1078 nimis
1361 1016 1713 1079 credulum
1744 1037 1819 1078 se
1849 1016 2165 1097 praebuit
2187 1016 2532 1097 Polybius,

343 1138 414 1191 et
483 1149 757 1192 causam
824 1130 1024 1192 huius
1090 1131 1513 1194 credulitatis
1575 1132 1967 1194 coniectura
2028 1133 2296 1213 assequi
2356 1131 2536 1195 licet.

343 1245 470 1309 Ait
514 1247 693 1309 enim
739 1268 814 1309 se
859 1249 992 1311 hoc
1039 1268 1174 1311 uno
1223 1248 1503 1311 consilio
1550 1250 1638 1311 de
1681 1249 1789 1310 his
1820 1249 2024 1311 rebus
2047 1248 2344 1312 scribere
2375 1249 2540 1328 quid

343 1380 584 1423 verum
652 1362 966 1424 videatur
1011 1363 1103 1445 (τὸ
1153 1361 1442 1445 δοκοῦν),
1488 1375 1565 1426 ut
1609 1373 1913 1444 exponat
1961 1383 2237 1426 causam
2283 1364 2420 1425 odii
2467 1373 2537 1426 et

345 1477 751 1557 suspicionis
817 1479 886 1540 in
955 1499 1131 1559 quae
1192 1489 1350 1561 post
1409 1480 1668 1541 bellum
1732 1481 1821 1542 ad
1879 1478 2085 1542 finem
2135 1480 2539 1561 perductum

342 1591 685 1655 Eumenes
749 1596 932 1675 apud
994 1595 1350 1657 Romanos
1411 1595 1756 1670 inciderit;
1818 1595 1990 1658 haec
2038 1596 2219 1657 enim
2265 1615 2540 1657 causam

345 1708 643 1789 aliquam
703 1710 1063 1773 habuerint
1120 1730 1404 1773 necesse
1451 1731 1602 1773 esse
1646 1719 1846 1792 putat
1885 1708 1949 1790 3).
2041 1710 2191 1772 Hos
2236 1730 2540 1773 rumores

277 1854 280 1857 ·
342 1824 558 1906 igitur
618 1826 938 1888 temerius
1000 1827 1270 1907 accepit
1332 1827 1490 1908 quia
1552 1847 1828 1889 causam
1873 1826 2301 1908 probabilem
2348 1846 2541 1907 prae-

343 1942 606 2004 berent.
699 1941 800 2005 At
859 1941 1006 2005 fieri
1070 1931 1300 2024 potest
1361 1952 1437 2006 ut
1482 1944 1696 2006 duces
1741 1943 2043 2005 Romani
2060 1990 2075 2016 ,
2123 1943 2238 2025 qui
2284 1943 2543 2005 tamdiu

341 2055 591 2119 frustra
657 2067 802 2120 tum
870 2059 1052 2122 malo
1120 2069 1267 2122 tum
1336 2059 1524 2122 nullo
1595 2069 1846 2122 eventu
1912 2060 1981 2122 in
2055 2060 2413 2122 Thessalia
2472 2067 2543 2120 et

343 2172 757 2235 Macedonia
835 2175 1097 2238 bellum
1182 2194 1338 2238 cum
1413 2175 1668 2238 Perseo
1740 2175 2076 2256 gesserint
2103 2223 2117 2249 ‚
2188 2174 2541 2237 calumniis

344 2289 880 2352 obtrectaverint
925 2291 1147 2354 socios
1193 2290 1660 2373 Pergamenos
1678 2339 1693 2365 ,
1741 2300 1816 2353 ut
1845 2290 1973 2372 ipsi
2007 2290 2211 2371 culpa
2233 2291 2541 2352 levaren-

341 2414 470 2467 tur.
561 2405 780 2468 Huius
843 2406 1222 2470 calumniae
1286 2407 1632 2489 specimen
1691 2409 1980 2488 praebet
2033 2406 2350 2469 Valerius
2396 2406 2539 2467 An-

342 2521 477 2584 tias
514 2516 579 2597 4).
687 2520 984 2586 Accedit
1044 2523 1230 2604 quod
1289 2523 1737 2586 Macedoniae
1799 2522 2055 2585 viribus
2117 2521 2349 2585 fractis
2406 2542 2542 2583 non

342 2638 636 2717 amplius
683 2658 854 2719 opus
901 2649 1048 2702 erat
1091 2640 1429 2703 Romanis
1468 2639 1725 2702 auxilio
1758 2639 2097 2722 Pergami3
2135 2649 2205 2702 et
2236 2638 2541 2712 Eumeni,

342 2772 550 2833 quem
595 2763 797 2817 antea
843 2755 1218 2830 coluerant,
1262 2764 1407 2818 tum
1444 2776 1694 2818 nocere
1727 2755 2147 2818 conabantur
2169 2753 2230 2835 ⁵).
2281 2752 2544 2835 Quodsi

342 2888 584 2930 verum
649 2879 754 2932 est
771 2918 785 2944 ‚
835 2870 1163 2933 erraverit
1207 2890 1488 2934 necesse
1534 2881 1641 2934 est
1687 2870 2019 2952 Polybius
2065 2870 2180 2952 qui
2226 2869 2295 2931 in
2339 2871 2542 2931 rebus

342 2986 437 3046 ab
482 2984 788 3047 Eumene
834 2986 983 3067 ipso
1030 2987 1247 3068 gestis
1295 3007 1569 3050 eausam
1616 2987 1881 3049 discidii
1928 2986 2338 3068 quaesiverit
2368 2982 2439 3063 ⁶).

438 3100 617 3161 Num
677 3101 812 3162 iam
859 3111 1061 3164 antea
1104 3103 1175 3164 in
1221 3102 1512 3166 Graecia
1562 3104 1649 3165 de
1696 3101 1992 3165 historiis
2038 3101 2542 3164 conscribendis

343 3216 759 3298 cogitaverit
833 3217 1206 3300 Polybius}
1276 3239 1685 3301 quamquam
1753 3218 2120 3280 verisimile
2192 3227 2297 3280 est
2322 3266 2336 3292 ,
2407 3237 2542 3279 non

344 3343 632 3396 constat.
727 3331 868 3398 Sed
929 3335 1284 3397 consilium
1347 3336 1571 3417 operis
1631 3336 1738 3397 sui
1755 3384 1769 3408 ,
1832 3335 2034 3416 quale
2097 3333 2325 3396 multis
2371 3333 2543 3395 locis

443 3612 481 3694 ¹)
522 3615 584 3672 P.
631 3633 728 3690 ap.
771 3614 893 3675 Liv.
940 3613 1082 3674 ibid.
1129 3634 1181 3674 c,
1231 3633 1300 3689 27
1347 3616 1446 3674 fin.

432 3710 482 3792 2)
523 3714 589 3772 P.
632 3714 855 3772 XXIX.
910 3733 963 3772 c.
1015 3716 1082 3772 1f.

435 3809 484 3891 ³)
525 3813 592 3872 P.
638 3831 692 3871 e.
739 3814 808 3871 1b
848 3820 875 3885 §
922 3833 953 3871 2
998 3831 1085 3888 sq.

432 3909 483 3991 ⁴)
525 3912 643 3988 Ap.
688 3910 818 3975 Liv.
860 3913 1075 3971 XLIV.
1126 3930 1179 3969 e.
1230 3930 1322 3987 13.

438 4009 488 4091 ⁵)
529 4011 650 4070 cfr.
695 4013 1031 4070 Mommsen
1074 4012 1149 4069 R.
1194 4010 1268 4068 G.
1313 4011 1360 4068 I.
1404 4030 1462 4086 p.
1514 4011 1646 4086 769.

436 4107 486 4189 ὓ)
525 4109 684 4167 Nihil
725 4119 937 4169 contra
974 4111 1281 4169 Romanos
1323 4106 1627 4167 admisisse
1663 4109 1995 4167 Eumenem
2023 4114 2265 4165 censent
2287 4106 2546 4165 Momm-

350 4226 453 4267 sen
516 4210 590 4266 R.
655 4208 728 4266 G.
798 4210 843 4267 Ι.
907 4228 966 4285 p.
1038 4224 1151 4283 770
1177 4253 1192 4281 ,
1255 4206 1467 4267 Nissen
1529 4206 2066 4284 Untersuchungen
2131 4225 2191 4283 p.
2260 4207 2373 4263 260
2419 4224 2505 4281 sq.
2529 4226 2545 4279 3

353 4307 694 4385 Hertzberg
734 4308 782 4364 I.
825 4327 882 4384 p.
933 4327 1044 4365 202
1091 4305 1369 4384 opinatur
1410 4307 1740 4365 Eumenem
1775 4306 2021 4364 fortasse
2051 4302 2216 4382 pacis
2244 4303 2546 4381 parandae

353 4404 640 4482 cupidum
680 4404 874 4465 fuisse.

2317 4500 2381 4552 12
