3375 5084
1886 338 1968 397 94

835 535 988 578 cum
1034 513 1295 594 reliquo
1343 532 1671 574 annorum
1719 512 1954 574 ordine
2000 531 2206 592 quem
2254 532 2292 573 e
2334 511 2550 594 Fabio
2582 523 3028 594 cognoverat.

836 632 1098 694 Urbem
1144 650 1185 691 a
1232 628 1449 692 Gallis
1497 638 1768 710 captam
1815 629 1961 709 ipse
1994 648 2116 690 sua
2145 628 2405 690 ratione
2438 630 2679 691 ductus
2709 629 2777 691 in
2800 631 3037 710 proxi-

835 768 1019 809 mum
1083 727 1331 809 annum
1394 746 1719 808 detulisse
1766 745 2052 807 videtur.
2145 744 2226 806 In
2272 746 2776 826 computatione
2824 766 3037 807 anno-

830 864 978 926 rum
1025 864 1190 926 belli
1234 863 1474 925 Punici
1517 862 1716 943 primi
1764 880 1990 924 errore
2036 882 2110 924 se
2157 862 2311 942 capi
2357 882 2596 943 passus
2643 848 2773 937 est,
2822 883 3036 944 quem

831 979 1032 1043 facile
1096 979 1351 1042 evitare
1410 988 1743 1060 potuerat.
1836 977 1918 1039 In
1973 998 2150 1040 anno
2197 979 2531 1041 adventus
2578 979 2823 1060 Pyrrhi
2869 1000 3036 1042 con-

834 1096 1173 1159 stituendo
1234 1094 1507 1157 minime
1569 1095 1700 1157 sibi
1767 1094 1913 1175 ipse
1979 1104 2275 1169 constat;
2340 1094 2425 1157 II.
2491 1116 2545 1158 c.
2613 1117 2695 1156 20
2756 1101 2787 1171 ἓ
2849 1101 2887 1158 6
2938 1096 3045 1158 ita

832 1210 1127 1292 loquitur
1143 1261 1157 1286 ,
1204 1222 1280 1273 ut
1326 1211 1639 1273 ostendat
1685 1210 2023 1291 Pyrrhum
2054 1210 2123 1272 in
2153 1209 2422 1273 Italiam
2452 1211 2796 1274 traiecisse
2830 1209 3035 1274 tertio

833 1347 1010 1390 anno
1058 1336 1215 1389 ante
1261 1346 1565 1408 pugnam
1612 1328 1701 1388 ad
1746 1324 2060 1407 Delphos
2107 1326 2571 1400 commissam3
2621 1327 2743 1388 sed
2787 1326 2837 1388 I.
2887 1346 2943 1388 o.
2997 1332 3042 1389 ὁ

832 1450 864 1520 5
929 1464 962 1522 5
1030 1444 1193 1506 dicit
1255 1444 1592 1525 Pyrrhum
1654 1444 2038 1506 traduxisse
2075 1440 2392 1526 proximo
2446 1463 2623 1505 anno
2670 1453 2827 1506 ante
2874 1463 3041 1505 eam

832 1580 1137 1642 pugnam
1169 1555 1228 1640 l).
1321 1558 1477 1622 Hoc
1539 1560 1694 1622 loco
1758 1569 1987 1622 autem
2048 1559 2123 1621 P.
2187 1558 2447 1639 aliquot
2513 1557 2867 1622 Gallorum
2915 1579 3042 1621 ex-

832 1676 1211 1758 peditiones
1274 1676 1613 1738 distribuit
1675 1696 1803 1757 per
1863 1695 2075 1738 annos
2140 1681 2265 1755 387
2329 1676 2624 1771 (annum.
2644 1675 2828 1737 urbis
2877 1695 3045 1756 cap-

835 1792 967 1874 tae)
1016 1829 1098 1837 --
1153 1798 1274 1871 285
1329 1793 1720 1874 (obsidionis
1766 1792 2078 1874 Arretii),
2127 1791 2197 1854 id
2243 1802 2348 1855 est
2392 1812 2517 1874 per
2562 1793 2856 1874 spatium
2915 1813 3041 1854 102

835 1929 1179 1972 annorum.
1271 1908 1489 1972 Addit
1550 1919 1805 1989 quanta
1861 1909 2187 1990 temporis
2241 1909 2461 1990 spatia
2506 1909 2680 1973 inter
2725 1897 3041 1991 singulas

835 2026 1305 2109 expeditiones
1360 2026 1865 2089 intercesserint
1911 2026 2019 2108 (30
2074 2029 2148 2098 -ἰ-
2210 2047 2281 2087 12
2337 2027 2412 2105 -Ι-
2472 2046 2545 2103 13
2600 2027 2675 2106 -1-
2727 2047 2811 2103 30
2862 2029 2941 2104 -ἦ-
3002 2049 3045 2104 4

839 2143 914 2221 -Ι-
989 2142 1087 2223 10)
1146 2142 1389 2222 quibus
1452 2140 1860 2223 computatis
1922 2142 2154 2204 evadit
2213 2140 2507 2223 spatium
2556 2163 2638 2220 99
2687 2161 3045 2204 annorum.

837 2257 967 2320 His
1039 2280 1121 2337 99
1195 2258 1385 2325 annis
1448 2278 1602 2320 cum
1664 2257 2212 2320 adnumeraveris
2277 2280 2316 2335 4
2374 2277 2586 2319 annos
2632 2258 3049 2320 dictatorum

762 2386 765 2391 ’
841 2374 994 2457 (vid.
1056 2374 1291 2456 paullo
1349 2384 1507 2457 post
1550 2395 1614 2456 p.
1666 2394 1746 2455 97
1798 2374 1970 2456 adn.)
2018 2373 2248 2438 evadit
2293 2395 2610 2437 numerus
2666 2396 2784 2452 103
2833 2395 3051 2437 anno-

836 2511 1008 2565 rum,
1081 2511 1207 2572 pro
1284 2511 1423 2573 102.
1517 2490 1833 2572 Apparet
1895 2491 2027 2553 hoc
2075 2490 2229 2553 loco
2278 2490 2485 2553 etiam
2530 2489 2764 2571 paullo
2810 2491 3047 2553 incon-

840 2606 1125 2672 stantius
1170 2605 1538 2687 Polybium
1586 2615 1704 2668 aut
1748 2615 1983 2668 contra
2016 2607 2572 2668 consuetudinem
2603 2625 2795 2668 suam
2816 2606 3048 2687 ipsum

841 2744 1090 2786 annum
1138 2722 1350 2786 cladis
1401 2728 1526 2803 387
1577 2723 1646 2785 in
1692 2723 1863 2785 illud
1906 2724 2195 2804 primum
2245 2744 2330 2801 30
2377 2743 2706 2785 annorum
2745 2723 3048 2804 spatium

838 2839 1176 2920 recepisse
1239 2839 1355 2920 (ita
1415 2837 1593 2901 enim
1653 2858 1779 2919 pro
1828 2860 1913 2917 30
1930 2888 1944 2913 ‚
1997 2860 2077 2918 29
2127 2859 2338 2901 annos
2384 2857 2738 2901 numerare
2786 2839 3048 2901 debue-

838 2951 998 3033 rat),
1068 2967 1185 3019 aut
1253 2955 1543 3032 Fabium
1599 2957 2084 3039 neglegentius
2149 2965 2491 3031 secutum,
2555 2956 2687 3019 hoc
2749 2957 2904 3018 loco
2955 2958 3049 3018 ab

840 3091 1016 3149 anno
1066 3077 1193 3149 388
1242 3091 1367 3153 pro
1418 3077 1544 3151 387
1595 3070 1843 3139 seriem
1887 3092 2216 3134 annorum
2263 3072 2537 3162 duxisse
2577 3071 2638 3153 2).

930 3186 1057 3249 His
1105 3187 1444 3250 erroribus
1491 3188 1787 3250 convicti
1833 3188 2102 3251 caditne
2148 3187 2423 3269 Polybii
2456 3187 2671 3250 fides?
2718 3187 3008 3250 Minime
3028 3237 3042 3262 ,

842 3304 1046 3365 credo
1063 3325 1076 3377 ;
1142 3313 1430 3384 apparet
1494 3304 1769 3383 quidem
1834 3324 1989 3366 eum
2043 3305 2302 3366 minore
2349 3323 2513 3366 cura
2558 3304 2643 3365 de
2689 3294 2793 3364 his
2839 3303 3046 3365 bellis

844 3398 1120 3500 egisses
1163 3439 1452 3500 eumque
1514 3439 1624 3481 res
1687 3440 1778 3482 ex
1836 3420 2129 3482 auctoris
2176 3420 2279 3481 sui
2324 3418 2680 3481 annalibus
2727 3419 3046 3500 cognitas

844 3534 1115 3595 omnino
1183 3534 1319 3596 suis
1367 3535 1594 3597 verbis
1642 3544 1712 3597 et
1758 3533 1902 3597 sua'
1925 3545 2308 3616 temporum
2357 3535 2607 3599 ordinis
2655 3534 3050 3615 explicandi

1108 3688 1215 3695 ———-

930 3761 971 3840 ¹)
1027 3761 1648 3822 Animadvertendum
1709 3773 1828 3836 est,
1887 3781 2095 3822 omnes
2147 3763 2257 3822 hos
2298 3762 2464 3821 locos
2506 3762 2584 3821 ad
2626 3762 3059 3841 προκαταοὲκευὴν

837 3859 1155 3938 pertinere.
1238 3896 1242 3900 ·
2362 3913 2370 3920 .

923 3957 973 4040 2)
1018 3960 1336 4020 Defectum
1381 3969 1553 4038 urget
1593 3961 1941 4019 Lachmann
1983 3960 2017 4017 1.
2063 3960 2102 4018 1.
2145 3962 2192 4019 Ι.
2237 3980 2296 4036 p.
2343 3962 2447 4037 65,
2490 3968 2557 4019 ut
2597 3957 2830 4036 Polybii
2869 3960 3056 4019 fidem

839 4058 1026 4118 diluat
1040 4081 1056 4133 3
1126 4068 1305 4135 „octo
1366 4060 1505 4119 anni
1561 4059 1875 4133 deficiunt,
1937 4079 2013 4136 99
2073 4059 2231 4118 enim
2286 4058 2464 4118 efficit
2481 4105 2495 4132 ,
2550 4079 2689 4118 cum
2730 4067 2937 4117 tamen
2981 4060 3061 4119 ab

843 4159 989 4218 urbe
1051 4169 1231 4236 capta
1291 4159 1371 4218 ad
1427 4179 1651 4219 annum
1709 4178 1830 4236 quo
1886 4158 2106 4217 Lucius
2162 4157 2478 4239 (Caecilius
2534 4156 2800 4238 praetor)
2849 4177 3064 4218 caesus

844 4266 971 4316 erat
1032 4255 1109 4336 (a.
1179 4255 1351 4338 284),
1411 4258 1526 4318 sint
1587 4260 1762 4336 107’'.
1847 4258 1965 4318 Sed
2027 4278 2342 4336 perperam
2382 4258 2731 4318 Lachmann
2774 4259 2853 4317 ab
2894 4278 3059 4319 anno

850 4375 964 4431 390
1007 4376 1318 4416 numerare
1360 4357 1596 4434 incepit.
