3375 5084
1466 368 1549 426 39

418 539 649 621 σμούς
684 537 858 621 η”διοὶ
885 541 1253 621 λοιμικὰς
1346 568 1413 606 τε
1463 545 1572 604 καὶ
1611 545 1899 614 νόσοις
1937 546 2044 605 καὶ
2077 537 2379 617 ἄλλοις
2412 538 2596 607 πολ-

417 661 957 738 περιστάσεις
1039 663 1081 739 ἤ
1164 634 1267 720 δι’.
1345 652 1524 728 λοῒς
1588 660 1656 723 ἐν
1720 654 1817 730 οἷς
1875 658 2145 742 βραχύ
2191 680 2252 720 τι
2301 658 2431 724 τῶν
2480 656 2595 724 οἷν·

418 774 693 856 ἀφορίας
759 774 1025 854 καρπῶν
1073 778 1114 854 ἤ
1162 769 1250 833 δι’
1346 773 1628 856 θρώπων
1740 768 2080 837 λείπεσθαι
2186 774 2459 851 γένος.
2488 819 2502 835 .
2534 822 2547 837 .
2577 818 2593 834 .

416 890 460 948 ἄ
489 883 526 947 λ
552 887 588 950 λ
615 911 658 949 α
682 913 712 961 ς
792 911 830 950 τ
858 912 890 951 ο
918 914 938 949 ι
966 913 1008 950 α
1032 894 1073 954 υ
1097 916 1134 953 τ
1156 913 1199 951 α
1223 914 1254 961 ς
1349 886 1512 968 Φέρε
1563 885 1671 971 δή,
1726 894 2044 969 νοήσωμεν
2084 892 2242 972 μίαν
2277 896 2407 956 τῶν
2442 886 2596 952 πολ-

417 1005 678 1078 αἷτιάς
730 1009 989 1087 φθορὰ
1036 1007 1249 1086 γένη·
1342 1000 1472 1072 λῶν
1538 1010 1782 1086 ταύτην
1849 1010 1963 1087 τὴν
2015 1008 2105 1087 τῷ
2163 1001 2593 1088 κατακλυσμῷ

416 1141 543 1183 ται
585 1122 723 1184 τοῦ
766 1121 915 1187 τῶν
948 1119 1250 1202 α’νθρὼ-
1342 1144 1496 1186 ποτε
1517 1111 1873 1203 γενομένὴν
1908 1156 1988 1166 -
2020 1106 2129 1184 καί
2158 1117 2233 1202 δὴ
2262 1127 2594 1197 τοιούτους

416 1259 584 1298 πων
628 1237 928 1319 γένους,
964 1241 1104 1313 οἳάς
1133 1235 1254 1319 ἤδη
1345 1236 1762 1323 (ἀνθρώπους
1870 1236 2433 1322 διασεσωσμένους)
2524 1261 2594 1317 γε

416 1349 1256 1436 γεγονέναιπαρειλήφαμεν
1342 1352 1598 1434 ἀνάγκη
1631 1354 1915 1435 που-τῶν
1940 1349 2161 1421 ἄλλων
2196 1353 2436 1436 α’πείρ
2457 1376 2595 1427 ους

417 1471 526 1530 καὶ
556 1462 756 1531 πάλιν
783 1464 1098 1542 πολλάκις
1127 1467 1254 1530 ἕσε-
1346 1463 1515 1532 εἶναι
1584 1470 1903 1553 τεχνῶν
1970 1474 2078 1534 καὶ
2146 1471 2276 1533 τῶν
2343 1472 2412 1533 ἐν
2463 1477 2596 1542 τοῖς

418 1588 576 1646 σθαι
617 1584 653 1643 ό
677 1578 863 1663 λόγος
889 1588 1077 1666 αἱρεῖ,
1111 1590 1251 1649 τότε
1344 1588 1564 1650 ἄστεσι
1614 1586 1770 1667 πρὸς
1806 1581 2125 1665 ἀλλήλους
2159 1586 2471 1669 μηχανῶν
2507 1584 2595 1658 εἴς

417 1695 493 1778 δὴ
524 1708 969 1785 συμφθειρο
993 1702 1248 1791 μένων
1344 1724 1409 1763 τε
1459 1696 1840 1775 πλεονεξίας
1891 1707 1998 1766 καὶ
2049 1697 2448 1783 φιλονεικίας
2485 1711 2595 1767 καὶ

415 1821 678 1881 πάντων
736 1825 867 1880 τῶν
917 1814 1249 1898 ἐπιτηδευ-
1341 1814 1706 1881 ὅποσ’ἄλλα
1822 1823 2326 1900 κακουργήματα
2440 1820 2595 1899 πρὸς

413 1938 633 2013 μάτων
662 1938 770 1997 καὶ
791 1935 1251 2019 τεχνῶν--
1346 1929 1666 2015 ἀλλήλους
1719 1934 2087 2000 ἐπινοοῦσιν
2146 1957 2201 1996 κ.
2249 1956 2304 1996 τ.
2353 1929 2408 1996 λ.

502 2046 703 2109 Plato
751 2048 1024 2122 deinde,
1072 2058 1148 2111 ut
1194 2049 1505 2111 omnibus
1549 2058 1785 2112 notum
1832 2058 1964 2131 est,
1998 2049 2276 2112 uberius
2308 2049 2592 2130 exponit

416 2164 502 2226 de
579 2164 965 2227 conditione
1040 2166 1316 2227 humani
1390 2167 1663 2247 generis
1678 2215 1694 2248 ‚
1772 2167 1958 2248 quod
2030 2166 2233 2229 nullis
2301 2166 2562 2229 artibus
2581 2215 2595 2240 ,

416 2280 689 2362 legibus
707 2328 722 2354 ‚
789 2281 1020 2356 bellis,
1088 2281 1356 2362 placide
1426 2281 1697 2363 degerit
1770 2282 1840 2344 in
1914 2283 2191 2345 summis
2251 2283 2595 2344 montibus

417 2398 788 2480 (677—679
836 2396 931 2478 E).
1000 2397 1172 2461 Mox
1216 2418 1437 2480 genus
1483 2399 1830 2480 quoddam
1873 2398 2292 2480 reipublicae
2329 2399 2561 2461 existit
2578 2447 2593 2472 ‚

418 2534 573 2575 cum
655 2513 963 2576 homines
1045 2514 1329 2595 imperio
1404 2514 1814 2578 hereditario
1884 2535 2121 2577 senum
2189 2524 2259 2577 et
2324 2524 2595 2596 patrum

417 2627 705 2691 familias
787 2639 1115 2712 regantur
1187 2631 1339 2711 (680
1406 2630 1485 2693 B.
1563 2627 2060 2705 ,,δυναστειάν”;
2133 2634 2262 2692 680
2327 2629 2403 2692 E.
2483 2634 2593 2705 ,,τὸ

415 2745 859 2829 πρεσβύτατον
897 2750 1080 2830 ἄρχει
1116 2781 1199 2792 —·
1234 2750 1835 2827 πατρονομούμενοι
1864 2750 1972 2809 καὶ
1998 2741 2337 2831 βασιλείαν
2366 2744 2591 2811 πασῶν

415 2858 839 2943 δικαιοτάτην
889 2857 1467 2947 βασιλευόμενοι”);
1517 2862 1709 2924 cuius
1754 2861 1853 2923 rei
1897 2861 2170 2923 Platoni
2216 2869 2454 2923 auctor
2490 2869 2595 2924 est

415 2976 758 3040 Homerus
805 2979 891 3040 de
939 2977 1355 3059 Cyelopibus
1403 2979 1583 3041 idem
1629 2979 1903 3041 tradens
1950 2980 2100 3062 (680
2141 2976 2238 3058 B).
2299 2976 2592 3059 Polybio

417 3102 652 3156 contra
699 3113 951 3175 operae
996 3114 1133 3155 non
1179 3114 1329 3157 esse
1375 3094 1647 3158 videtur
1691 3095 2029 3156 illustrare
2073 3093 2263 3156 illam
2305 3093 2595 3174 primam

413 3211 691 3273 humani
740 3210 1014 3292 generis
1060 3210 1548 3285 conditionem3
1596 3212 1684 3273 ad
1732 3210 2064 3293 originem
2110 3209 2307 3292 regni
2350 3228 2593 3292 prope-

415 3335 537 3388 rat.
606 3324 1311 3389 Animadvertendum
1357 3336 1462 3389 est
1508 3327 1713 3390 etiam
1728 3375 1744 3399 ,
1792 3347 1835 3388 a
1864 3326 2156 3408 Polybio
2182 3345 2292 3388 res
2314 3323 2593 3387 mirifice

418 3441 834 3515 conturbari;
905 3461 1063 3503 nam
1132 3442 1327 3524 quasi
1394 3462 1634 3505 revera
1703 3443 1790 3504 ab
1852 3442 2039 3505 initio
2100 3442 2259 3504 inde
2321 3441 2593 3523 generis

411 3557 688 3620 humani
772 3576 1055 3619 exorsus
1141 3567 1321 3620 esset
1337 3605 1352 3632 ‚
1439 3559 1919 3641 exponendum
1988 3577 2139 3620 esse
2209 3565 2441 3620 censet
2508 3556 2595 3617 de

413 3674 677 3755 origine
745 3672 1012 3734 virtutis
1081 3681 1152 3734 et
1219 3673 1530 3736 iustitiae.
1622 3673 1836 3755 Apud
1869 3672 2255 3745 ‚Platonem
2324 3681 2559 3734 contra
2575 3719 2589 3745 ,

414 3810 569 3854 cum
629 3789 938 3851 homines
986 3787 1120 3850 iam
1169 3799 1325 3852 ante
1373 3789 1705 3852 diluvium
1749 3789 2077 3851 societate
2124 3787 2333 3849 iuncti
2386 3787 2594 3868 dege-

410 3908 542 3970 rint
558 3958 572 3983 ,
619 3928 892 3972 sensum
936 3906 1232 3974 iustitiae
1280 3916 1350 3970 et
1395 3907 1677 3969 deorum
1725 3905 1984 3968 cultum
2022 3911 2594 3966 conservaverunt

411 4026 561 4106 (679
633 4024 703 4088 C.
781 4033 961 4113 ,,περὶ
1027 4026 1203 4090 θεῶν
1272 4028 1381 4087 καὶ
1445 4024 1820 4105 ἀνθρώπων
1887 4022 1964 4085 τὰ
2014 4016 2329 4102 λεγόμενα
2375 4014 2591 4096 οἷληθῆ

412 4142 789 4225 νομίζοντες
838 4142 1001 4217 ἔζων
1052 4144 1219 4204 κατὰ
1269 4139 1514 4220 ταῦτα).
1584 4137 1835 4201 Melius
1879 4135 2118 4198 fuisset
2164 4135 2222 4196 si
2260 4133 2590 4215 Polybius

410 4258 581 4320 illud
630 4257 957 4320 diluvium
1002 4256 1308 4319 Platonis
1353 4255 1623 4317 omnino
1654 4273 1785 4315 non
1821 4251 2181 4332 tetigisset;
2221 4252 2343 4312 sed
2368 4250 2594 4311 omnia

411 4375 625 4438 libere
686 4372 946 4457 fingere
1008 4394 1213 4436 ausus
1271 4391 1405 4434 non
1470 4380 1574 4435 est
1591 4420 1604 4445 ,
1651 4371 1943 4452 ideoque
1989 4387 2097 4429 res
2145 4367 2586 4450 perturbavit.
