3375 5084
1463 373 1574 431 191

427 545 624 608 XVI.
674 566 728 609 c.
786 550 861 607 16
912 566 1008 627 sq.
1055 544 1395 607 Zenonem
1442 546 1787 627 vituperat
1832 547 2017 628 quod
2063 547 2119 608 is
2164 547 2368 610 situm
2411 545 2615 628 Spar-

423 670 537 724 tae
609 670 678 724 et
746 661 1046 742 regionis
1114 661 1378 723 vicinae
1440 680 1802 742 perperam
1864 662 2314 744 descripserat
2333 710 2347 735 ‚
2413 683 2616 744 quem

420 777 643 857 ipsum
715 777 932 857 probe
1002 776 1408 857 cognovisse
1472 777 1678 839 etiam
1739 777 1824 839 II.
1889 798 1944 840 6.
2013 782 2307 864 64-71,
2368 777 2483 841 oft.
2529 778 2615 841 V.

425 912 526 968 24.
593 913 632 970 9
652 940 666 966 ,
730 891 1063 972 apparuit.
1129 890 1374 953 'Addit
1417 890 1757 954 Zenonem
1778 938 1792 964 ‚
1841 912 1883 953 a
1927 892 2222 973 Polybio
2268 912 2394 974 per
2440 893 2613 974 epis-

417 1006 631 1069 tolam
698 1002 1032 1069 monitum
1047 1055 1061 1081 ‚
1137 1025 1434 1069 errorem
1507 1005 1893 1070 confessum
1962 1027 2111 1069 esse
2179 1017 2250 1070 et
2310 1008 2615 1090 graviter

423 1122 660 1185 tulisse
704 1118 764 1203 ¹).

509 1237 741 1322 (Asia).
833 1239 1095 1301 Eadem
1155 1240 1516 1321 diligentia
1576 1259 1738 1302 usus
1802 1249 1907 1302 est
1969 1240 2039 1302 in
2095 1240 2440 1303 itineribus
2496 1261 2622 1321 per

414 1354 659 1417 Asiam
727 1355 949 1431 factis,
1013 1357 1197 1438 quod
1243 1355 1530 1436 apparet
1576 1375 1736 1418 cum
1783 1376 1874 1417 ex
1921 1356 2149 1419 multis
2197 1356 2346 1419 aliis
2387 1356 2430 1437 2>
2475 1366 2619 1419 111111

415 1492 456 1533 6
516 1472 971 1554 descriptione
1019 1472 1221 1535 Ponti
1266 1472 1406 1554 (IV.
1454 1492 1508 1536 c.
1563 1473 1867 1553 39—45).
1962 1473 2070 1535 Ibi
2117 1493 2201 1535 ea
2246 1494 2421 1555 quae
2467 1473 2615 1554 ipse

414 1588 590 1650 vidit
660 1598 731 1651 et
799 1588 1187 1670 exploravit
1254 1588 1330 1670 (c.
1404 1610 1487 1667 39
1563 1594 1594 1665 5
1673 1610 1696 1650 1
1720 1587 1771 1669 1)
1842 1589 2126 1670 opponit
2195 1590 2617 1652 sermonibus

416 1714 775 1767 nautarum
829 1703 889 1785 3).
1006 1704 1498 1767 Verumtamen
1573 1705 1701 1767 nisi
1780 1706 2029 1769 certius
2111 1707 2277 1788 quid
2349 1708 2620 1769 tradere

417 1829 650 1900 potest
671 1869 687 1894 ‚
743 1821 1115 1903 diligenter
1159 1822 1510 1884 attendere
1556 1821 1735 1884 solet
1781 1841 1897 1884 eas
1942 1821 2369 1897 traditiones,
2417 1817 2618 1904 inpri-

419 1936 547 1998 mis
608 1936 1001 2000 incolarum.
1096 1934 1210 2000 Sic
1276 1938 1363 2000 de
1426 1936 1626 2000 fossis
1672 1937 2131 2000 subterraneis
2177 1939 2246 2000 in
2290 1938 2458 2001 locis
2505 1940 2619 2001 de-

417 2052 615 2115 sertis
676 2052 952 2116 Mediae
1018 2051 1188 2135 (XC.
1256 2045 1334 2116 28
1394 2058 1424 2129 5
1474 2075 1511 2131 3
1562 2052 1681 2135 sq.)
1729 2053 1984 2136 οἷληθῄς
2032 2054 2129 2117 ait
2173 2053 2615 2139 παραδίδοται

418 2167 607 2246 λόγος
674 2166 784 2231 διὰ
833 2177 964 2235 τῶν
1018 2172 1363 2254 ἐγχωρίων.
1457 2166 1572 2232 Sic
1621 2170 1708 2232 de
1755 2168 2076 2233 Athenae
2123 2171 2422 2253 imagine
2470 2171 2619 2233 Ali-

417 2283 701 2365 pheirae
746 2285 970 2365 posita
1015 2284 1154 2367 (IV.
1208 2284 1310 2365 78)
1362 2287 1510 2359 τούς
1561 2286 1909 2370 ἐγχωρίους
1955 2286 2420 2368 interrogavit.
2504 2284 2619 2350 Sic

413 2398 607 2463 Vm.
693 2421 748 2464 c.
839 2421 926 2478 30
1011 2406 1041 2477 5
1117 2421 1149 2480 7
1233 2420 1377 2481 sqq.
1450 2421 1488 2463 e
1557 2401 2031 2490 traditionibus
2101 2401 2618 2475 Tarentinorum

418 2517 772 2578 oraculum
818 2517 1023 2579 tradit
1055 2537 1192 2598 quo
1225 2517 1481 2579 inducti
1503 2527 1807 2580 mortuos
1831 2518 2007 2580 intra
2030 2537 2295 2580 murum
2324 2518 2618 2599 sepelire

416 2642 914 2695 consueverant
939 2680 953 2706 ‚
1027 2633 1211 2712 quod
1281 2634 1486 2696 etiam
1552 2644 1700 2697 tum
1767 2654 1922 2696 cum
1983 2633 2261 2696 Tarenti
2332 2634 2620 2715 degeret

418 2749 520 2813 ἔτι
571 2755 678 2813 καὶ
729 2748 868 2830 νῦν)
913 2748 1140 2811 facere
1188 2749 1520 2812 solebant.

510 2863 602 2926 X.
651 2885 706 2927 c.
756 2870 839 2942 48
889 2865 1172 2945 exponit
1216 2866 1557 2946 quomodo
1604 2865 1950 2927 Nomades
1996 2864 2423 2947 (Apasiacae)
2450 2864 2608 2928 Oxo

416 2976 696 3042 flumine
756 2980 1073 3043 traducto
1134 2980 1203 3042 in
1260 2980 1680 3062 Hyrcaniam
1726 2981 2157 3061 perveniant:
2209 2984 2327 3047 εἶσὶ
2380 2979 2449 3044 δὲ
2502 2978 2615 3045 δύο

507 3300 553 3383 ¹)
593 3305 658 3362 P.
701 3306 866 3363 XVI.
913 3323 966 3363 c.
1015 3324 1090 3362 20
1132 3310 1160 3375 5
1206 3319 1381 3379 5—7.

500 3401 551 3485 2)
592 3404 920 3464 Nonnullas
974 3399 1400 3479 descriptiones
1454 3403 1532 3462 ab
1582 3401 1711 3461 aliis
1765 3401 2107 3463 auctoribus
2149 3411 2455 3461 mutuatus
2497 3420 2623 3461 esse

412 3501 679 3577 videtur,
721 3522 1087 3581 quamquam
1128 3524 1250 3564 non
1294 3503 1374 3563 ad
1415 3504 1665 3563 verbum
1707 3521 1807 3562 eas
1849 3500 2157 3580 exscripsit
2172 3548 2187 3575 ‚
2219 3501 2326 3561 sed
2347 3500 2410 3560 id
2432 3501 2622 3561 solum

416 3601 663 3662 tradidit
724 3604 889 3679 quod
953 3602 1066 3681 ipsi
1127 3623 1335 3663 verum
1396 3602 1733 3665 videretur.v
1798 3600 1893 3661 Sic
1955 3603 2030 3661 X.
2096 3622 2149 3660 6.
2211 3619 2283 3677 27
2341 3608 2369 3673 5
2421 3619 2620 3675 4—-13

422 3701 703 3762 describit
758 3704 967 3763 urbem
1008 3703 1318 3762 Ecbatana
1335 3748 1348 3775 ,
1392 3701 1618 3781 regiam
1635 3748 1649 3777 ,
1693 3701 1983 3778 templum
2027 3702 2230 3761 Aenae
2246 3747 2260 3776 ,
2305 3718 2458 3776 quae
2498 3718 2621 3758 non

417 3799 546 3878 ipse
607 3799 930 3879 inspexisse
985 3800 1252 3877 videtur3
1309 3801 1416 3861 sed
1470 3800 1649 3861 etiam
1691 3799 1789 3859 hic
1829 3820 2037 3860 verum
2079 3800 2315 3859 tradere
2357 3796 2587 3857 studuit
2598 3843 2618 3881 1,

417 3909 479 3960 et
520 3900 898 3977 reprehendit
939 3911 1213 3961 auctores
1254 3900 1357 3978 9111
1397 3920 1492 3960 165
1533 3908 2042 3978 exaggeraverunt
2084 3907 2149 3958 ut
2175 3898 2466 3957 lectorum
2499 3895 2621 3955 ani-

420 4018 552 4059 mos
609 4001 1061 4077 stupefacerent.
1104 4036 1198 4064 ,--
1252 3999 1497 4059 Sextum
1551 4009 1612 4059 et
1666 3999 1954 4077 Abydum
2008 3996 2195 4079 (XVI.
2252 4016 2306 4056 c.
2355 3995 2454 4077 29)
2494 3994 2621 4073 ipse

420 4108 583 4159 certe
622 4098 803 4175 vidit3
848 4101 954 4160 sed
995 4098 1056 4158 in
1102 4098 1499 4176 descriptione
1540 4097 1685 4159 alios
1714 4107 1988 4158 auctores
2018 4095 2305 4173 sequitur,
2337 4104 2397 4155 et
2415 4093 2621 4171 paucis

419 4217 547 4257 rem
589 4198 842 4259 absolvit
882 4197 934 4280 (5
979 4197 1058 4280 3).
1978 4186 1987 4202 ⁹

508 4294 556 4377 ³)
617 4299 743 4357 Aut
805 4307 943 4357 ante
1011 4298 1123 4373 167
1187 4296 1249 4356 in
1304 4296 1512 4357 Asiam
1564 4295 1676 4355 iter
1732 4295 1870 4355 fecit
1924 4304 2029 4354 aut
2068 4295 2224 4353 hanc
2263 4290 2497 4370 partem
2540 4293 2617 4353 de

421 4397 615 4455 Ponto
657 4407 867 4472 postea
905 4395 1165 4455 inseruit.
