3375 5084
1893 324 2019 382 234

856 498 1127 579 Polybii
1171 498 1600 580 pragmatica
1616 547 1630 573 ‚
1679 518 1817 579 qua
1859 517 1996 559 non
2043 497 2263 560 solum
2308 516 2533 559 rerum
2566 497 3034 579 cognitionem,

854 616 977 676 sed
1033 614 1394 677 utilitatem
1412 663 1426 689 ‚
1472 615 1796 677 historiae
1841 613 2045 676 finem
2091 633 2241 676 esse
2288 623 2521 676 censet
2560 608 2621 694 ¹).
2714 612 3031 676 Veritatis

858 730 1037 792 enim
1053 778 1068 805 ,
1125 730 1364 811 inquit,
1412 730 1676 813 indiget
1721 731 2003 793 historia
2047 739 2123 792 ut
2165 730 2382 813 possit
2427 749 2578 792 esse
2626 727 2800 792 usui
2834 730 3033 818 lecto-

852 845 1038 908 ribus
1054 893 1068 920 ,
1116 866 1201 908 ea
1245 846 1552 909 detracta
1598 846 1855 908 utilitas
1885 845 2189 926 perditur
2216 843 2279 926 2).
2339 844 2787 926 Disciplinam
2818 854 3036 907 autem

853 962 1122 1024 honesti
1175 963 1384 1044 (quod
1431 962 1706 1043 quidem
1752 962 1972 1043 ipsum
2020 982 2111 1023 ex
2154 961 2444 1024 utilitate
2493 961 2849 1024 oriundum
2896 981 3036 1024 esse

854 1097 1009 1139 cum
1077 1077 1373 1160 Epicuro
1446 1077 1701 1158 statuit)
1767 1077 1924 1139 ideo
1993 1077 2328 1159 integram
2398 1096 2671 1140 servare
2741 1086 2811 1139 et
2880 1077 3035 1152 coli,

854 1192 1058 1255 etiam
1105 1212 1329 1255 rerum
1374 1203 1724 1275 gestarum
1770 1213 2101 1255 summam
2144 1192 2440 1255 iudicem
2486 1212 2637 1255 esse
2681 1192 2900 1255 voluit
2915 1240 2930 1267 ,
2952 1213 3032 1255 ne

853 1308 1109 1371 utilitas
1180 1309 1615 1372 delaberetur
1682 1309 1752 1371 in
1820 1309 2136 1371 astutiam
2204 1317 2323 1371 aut
2389 1308 2757 1371 libidinem.
2873 1308 3038 1370 Eam

851 1444 1161 1487 normam
1217 1425 1285 1487 in
1332 1426 1536 1487 rebus
1581 1425 1798 1508 gestis
1842 1425 2210 1488 memoriae
2258 1425 2603 1488 tradendis
2648 1425 3035 1505 pessimam,

853 1540 1014 1621 quin
1060 1541 1267 1603 etiam
1313 1541 1541 1622 specie
1589 1541 1863 1622 quidem
1896 1552 2163 1604 certam
2198 1550 2268 1604 et
2298 1541 2631 1615 stabilem,
2659 1542 2781 1603 sed
2805 1560 3039 1603 revera

849 1676 1055 1719 unam
1124 1657 1423 1719 omnium
1492 1658 1790 1720 maxime
1849 1658 2218 1720 invalidam
2285 1667 2355 1720 et
2398 1656 2542 1720 fere
2587 1658 2847 1721 nullam
2896 1678 3040 1720 esse

853 1773 943 1834 ob
988 1773 1112 1834 has
1160 1792 1398 1835 causas
1446 1792 1710 1836 censeO.
1803 1773 2104 1835 Primum
2151 1773 2330 1835 enim
2384 1751 2488 1848 ‚ssin
2533 1773 2816 1835 historia
2852 1782 3038 1837 tanta

852 1898 956 1952 est
1011 1908 1237 1950 rerum
1282 1888 1645 1953 multitudo
1696 1899 1765 1952 et
1809 1890 2128 1965 varietas
2177 1899 2254 1952 ut
2298 1889 2354 1951 si
2402 1890 2552 1971 quis
2598 1899 2835 1952 auctor
2882 1910 3037 1971 qua-

853 2006 959 2067 vis
1007 2005 1390 2087 scriptionis
1435 2026 1599 2068 suae
1644 2015 1839 2087 parte
1853 2054 1867 2081 ,
1911 2008 2072 2087 quid
2104 2008 2564 2087 expetendum
2599 2006 2760 2086 quid
2782 2004 3041 2088 fugien-

853 2123 1014 2183 dum
1074 2120 1161 2184 sit
1219 2122 1510 2184 lectores
1573 2123 1865 2185 edocere
1922 2122 2215 2185 voluerit
2231 2171 2245 2197 ,
2304 2123 2359 2184 is
2406 2122 2634 2203 potius
2688 2121 3043 2185 Orationes

857 2234 1105 2299 Sacras
1149 2237 1503 2299 habiturus
1516 2285 1530 2312 ,
1564 2258 1767 2319 quam
1797 2258 1906 2300 res
1937 2247 2171 2320 gestas
2200 2247 2592 2302 narraturus
2614 2236 2960 2300 videatuf'
2984 2236 3040 2319 ³).

853 2353 1095 2434 Itaque
1167 2353 1372 2416 etiam
1431 2351 1765 2435 Polybius
1826 2352 2115 2417 feliciter
2172 2374 2214 2415 a
2277 2354 2559 2417 consilio
2620 2354 2717 2416 ita
2762 2352 3041 2426 defecit,

851 2476 928 2529 ut
986 2467 1361 2549 permultas
1419 2488 1529 2530 res
1593 2469 1880 2550 egregie
1936 2469 2352 2531 enarraverit
2396 2469 2584 2530 nullo
2630 2469 2881 2531 iudicio
2929 2488 3043 2549 ap-

848 2584 1073 2665 posito
1092 2633 1105 2656 ,
1179 2604 1589 2665 quamquam
1654 2586 1789 2648 hoc
1850 2585 1979 2647 sibi
2042 2595 2490 2667 proposuerat
2508 2634 2523 2660 ,
2584 2594 2661 2647 ut
2719 2585 3043 2667 quidquid

850 2700 1106 2761 bonum
1177 2709 1358 2762 esset
1423 2700 1736 2764 laudaret
1783 2700 1845 2782 ⁴).
1952 2701 2221 2763 Deinde
2291 2702 2463 2764 haec
2535 2701 2707 2764 ratio
2779 2720 3046 2783 semper

853 2812 1166 2890 fluctuat;
1224 2836 1311 2877 ne
1334 2816 1552 2878 unius
1598 2817 1874 2898 quidem
1922 2818 2164 2880 aetatis
2210 2817 2517 2879 homines
2564 2837 2798 2880 omnes
2844 2818 2916 2879 in
2964 2837 3043 2879 ea

854 2932 1245 3005 concinunt;
1294 2932 1464 2994 alius
1508 2933 1769 2995 bellum
1815 2934 2287 3016 gravissimam
2333 2944 2624 3016 pestem,
2657 2954 2898 3016 regem
2931 2933 3043 3016 qui

851 3047 1110 3108 bellum
1186 3046 1513 3129 inceperit
1588 3048 1806 3111 virum
1876 3050 2239 3112 scelestum
2310 3070 2459 3112 esse
2531 3058 2804 3124 censet;
2877 3050 3044 3112 alius

853 3162 1113 3242 patriae
1175 3182 1475 3225 amorem
1531 3165 1735 3227 nullis
1787 3165 2101 3227 laudibus
2147 3166 2430 3247 dignum
2478 3186 2628 3227 esse
2676 3165 3039 3227 contendit.

854 3277 979 3339 Ex.
1027 3298 1127 3359 gr.
1174 3279 1365 3340 varia
1409 3281 1495 3342 de
1542 3279 1948 3343 Alexandro
1996 3281 2258 3363 Magno
2305 3302 2347 3343 a
2382 3281 2873 3344 recentioribus
2904 3282 3043 3343 lata

854 3394 1103 3457 iudicia
1163 3395 1324 3458 satis
1380 3397 1745 3459 ostendunt
1760 3446 1774 3472 ‚
1822 3398 2033 3460 talem
2076 3418 2380 3460 normam
2426 3398 2495 3459 in
2541 3418 2768 3460 rerum
2813 3406 3040 3479 gesta·
3155 3410 3160 3415 ·

856 3532 1005 3574 rum
1074 3512 1402 3574 memoria
1462 3532 1737 3593 prorsus
1800 3512 2111 3577 deficere.
2202 3515 2426 3578 Etiam
2472 3515 2773 3597 cognitio
2818 3534 3044 3576 rerum

856 3648 947 3690 ex
1022 3648 1105 3691 ea
1180 3628 1658 3692 detrimentum
1730 3628 1931 3693 facile
1987 3630 2223 3712 ‚capit3
2292 3651 2450 3693 nam
2517 3632 2908 3693 voluntates
2978 3636 3045 3691 et

927 4038 986 4119 '¹)
1027 4042 1163 4100 XII.
1208 4060 1260 4100 c.
1309 4054 1419 4118 25g
1459 4048 1486 4112 ξ
1532 4061 1563 4099 2
1609 4050 1667 4099 et
1711 4041 1819 4098 III.
1863 4041 1916 4099 d.
1962 4060 2032 4116 31
2081 4048 2108 4112 ξ
2153 4061 2327 4114 2—4.

937 4137 987 4219 ²)
1030 4141 1106 4200 II.
1153 4141 1227 4216 56
1270 4147 1297 4212 ς
1345 4160 1434 4199 11.

941 4236 988 4316 3)
1031 4240 1254 4316 Borger
1297 4239 1372 4298 de
1415 4238 1569 4298 Hist.
1615 4241 1849 4317 Pragm.
1894 4260 1953 4316 p.
2002 4258 2106 4315 74,
2152 4259 2329 4316 quem
2369 4239 2575 4298 laudat
2616 4240 2692 4298 de
2733 4239 2924 4299 VrieS.

939 4334 988 4415 4>
1027 4337 1146 4396 Cfr.
1190 4340 1267 4397 II.
1313 4341 1382 4397 61
1430 4345 1458 4410 §
1502 4341 1568 4413 63
1613 4340 1777 4398 XVI.
1822 4359 1899 4414 40
1942 4346 1969 4413 ξ
2014 4360 2045 4398 2
2092 4349 2151 4399 et
2197 4355 2262 4417 7,
2305 4348 2366 4399 et
2405 4338 2642 4416 passim.
