3375 5084
1425 332 1542 389 143

389 524 545 566 nem
610 523 845 566 omnes
905 524 1020 566 eas
1077 501 1346 566 fabulas
1392 504 1703 567 consulto
1750 507 2212 586 composuisse
2261 508 2376 593 (X.
2426 529 2481 572 c.
2534 530 2564 569 2

387 624 419 695 ἓ
476 640 552 681 10
600 615 785 700 sqq->-

482 734 652 798 Cum
698 734 819 797 illa
862 755 936 797 re
983 735 1307 798 cohaeret
1350 755 1460 797 res
1505 755 1711 816 quam
1756 737 1990 817 paullo
2042 749 2198 819 post
2242 737 2574 821 Polybius

387 853 704 926 mutavit,
774 851 1009 914 Livius
1079 852 1258 914 enim
1326 852 1602 916 tradidit
1669 852 1967 933 (XXVI.
2040 875 2095 917 c.
2170 875 2248 932 45
2324 876 2373 918 s,
2439 854 2577 934 fin.)

391 965 785 1049 Scipionem
830 942 944 1031 yel
990 967 1165 1030 inter
1209 967 1632 1030 obsidionem
1679 967 2157 1051 Carthagenae
2200 970 2311 1032 vel
2342 970 2574 1051 paullo

384 1095 544 1148 ante
608 1105 650 1146 a
701 1084 1154 1166 piscatoribus
1203 1083 1827 1148 Tarraconensibus
1872 1087 2281 1169 cognovisse
2327 1096 2575 1168 stagna

387 1220 608 1283 prope
671 1202 909 1264 urbem
971 1211 1166 1264 aestu
1213 1201 1590 1265 decedente
1634 1201 1907 1265 facilem
1954 1203 2297 1283 peditibus
2342 1204 2576 1266 transi-

387 1327 535 1380 tum
583 1319 671 1380 ad
716 1338 980 1381 murum
1027 1320 1218 1393 dare;
1266 1319 1483 1400 ipsam
1535 1339 1678 1382 rem
1722 1329 1907 1383 certe
1938 1319 2172 1383 Livius
2195 1320 2261 1382 in
2285 1321 2613 1383 mediam·

385 1435 757 1497 obsidionis
801 1435 1256 1499 narrationem
1302 1436 1582 1499 inseruit
1622 1431 1685 1516 ¹).
1758 1435 2090 1518 Polybius
2137 1447 2374 1500 contra
2419 1457 2577 1500 con·

265 1554 270 1557 ’
384 1552 605 1615 tendit
668 1550 1060 1635 Scipionem
1118 1553 1253 1615 iam
1318 1573 1474 1616 cum
1535 1553 1921 1616 Tarracone
1979 1553 2262 1616 hiberna
2316 1563 2582 1617 teneret

383 1669 521 1731 hoc
591 1689 715 1750 per
784 1669 1158 1751 piscatores
1231 1670 1699 1752 exploravisse
1763 1669 1862 1755 (P.
1927 1669 2020 1733 X.
2069 1691 2123 1734 c.
2174 1676 2211 1734 8
2261 1676 2291 1747 5
2341 1675 2379 1734 6
2428 1666 2579 1752 sq.),

385 1785 574 1866 quod
648 1797 852 1868 urget
922 1796 1158 1850 contra
1226 1807 1345 1849 eos
1417 1787 1532 1869 qui
1602 1807 1759 1849 eum
1828 1787 2003 1850 hanc
2073 1788 2582 1869 expeditionem

387 1911 649 1965 temere
711 1923 934 1985 neque
1000 1903 1311 1967 omnibus
1358 1904 1483 1967 rite
1530 1904 1905 1984 exploratis
1950 1904 2328 1986 suscepisse
2375 1905 2582 1985 scrip-

384 2028 649 2094 serant3
715 2040 969 2101 eosque
1028 2021 1294 2101 plenius
1338 2019 1588 2083 refutat
1635 2019 1916 2083 laudata
1961 2020 2251 2101 epistola
2296 2022 2385 2084 ab
2430 2020 2579 2103 ipso

387 2133 715 2215 Scipione
764 2136 851 2198 ad
896 2135 1292 2218 Philippum
1336 2136 1557 2198 missa.

483 2248 714 2333 Scipio
732 2300 748 2326 ,
812 2261 1175 2334 postquam
1235 2252 1325 2314 ad
1391 2251 1764 2315 Baeculam
1810 2251 2314 2315 Hasdrubalem
2359 2251 2583 2334 profli-

386 2367 587 2451 gavit
653 2366 736 2448 (a.
814 2365 997 2448 209),
1070 2388 1112 2431 a
1173 2366 1579 2432 circumfusa
1638 2367 2099 2450 Hispanorum
2158 2369 2583 2431 multitudine

390 2504 524 2547 rex
570 2485 956 2566 appellatus
1004 2495 1125 2548 est.
1196 2485 1428 2547 Livius
1475 2485 1604 2548 hac
1651 2505 1726 2548 re
1773 2485 2021 2548 tradita
2067 2481 2401 2563 (XXVII.
2437 2504 2489 2547 e.
2523 2478 2587 2563 9)

388 2604 678 2681 parvam
711 2600 1089 2663 orationem
1121 2598 1459 2682 Scipionis
1492 2599 1701 2675 addit,
1735 2619 1869 2681 qua
1891 2600 2024 2662 hoc
2048 2619 2296 2661 nomen
2319 2599 2583 2681 regium

392 2725 474 2779 ut
529 2717 865 2779 Romanis
917 2715 1235 2780 infestum
1281 2737 1500 2798 neque
1549 2716 1676 2779 sibi
1725 2725 2125 2798 exoptatum
2172 2715 2367 2778 brevi
2411 2715 2583 2777 reie-

393 2832 580 2896 cerit.
673 2831 828 2895 Hoc
896 2833 1053 2896 loco
1121 2832 1452 2915 Polybius
1520 2832 1638 2916 (X.
1712 2853 1766 2896 c.
1840 2854 1924 2910 40
1986 2837 2017 2909 5
2085 2828 2281 2913 7-9)
2342 2831 2587 2893 multas

393 2947 738 3031 Scipionis
822 2950 1061 3012 laudes
1134 2950 1443 3025 inseruit;
1513 2950 1737 3032 tangit
1806 2947 2202 3032 magnificas
2271 2948 2588 3011 victorias

398 3065 607 3128 etiam
667 3075 911 3148 postea
966 3066 1035 3127 in
1081 3066 1230 3129 aliis
1275 3066 1507 3129 mundi
1552 3066 1860 3147 partibus
1907 3066 1994 3127 ab
2043 3085 2126 3128 eo
2173 3073 2554 3145 reportatas
2571 3112 2585 3138 ,

395 3182 680 3245 miratur
732 3182 1181 3245 constantiam
1227 3191 1299 3245 et
1341 3183 1746 3246 modestiam
1794 3202 1931 3263 qua
1977 3182 2403 3245 occasionem
2448 3190 2589 3244 tam

303 3282 310 3289 ⁶
397 3317 610 3379 saepe
692 3298 994 3361 oblatam
1063 3298 1260 3380 regni
1328 3298 1727 3361 adsumendi
1745 3347 1758 3373 ,
1830 3298 2014 3379 quod
2081 3296 2445 3379 Polybium
2515 3306 2590 3359 ut

406 3412 747 3478 Graecum
794 3414 1064 3497 plurimi
1104 3413 1348 3477 fecisse
1381 3424 1695 3496 apparet,
1729 3423 2127 3495 aspernatus
2152 3413 2253 3476 sit.
2301 3412 2590 3475 Eodem-

404 3532 610 3593 modo
674 3530 1073 3594 seditionem
1133 3532 1221 3594 ad
1268 3529 1643 3595 Sucronem
1690 3552 1733 3593 a
1776 3530 2100 3593 militibus
2147 3528 2398 3593 factam
2443 3547 2590 3590 nar-

404 3656 672 3710 raturus
733 3647 816 3729 (a.
882 3651 1006 3709 206
1061 3646 1137 3710 P;
1185 3646 1312 3710 XI.
1362 3667 1417 3710 c.
1471 3645 1577 3727 25)
1621 3647 1839 3709 multa
1883 3647 2071 3710 addit
2118 3655 2194 3709 ut
2239 3666 2322 3708 eo
2370 3644 2591 3727 magis

402 3763 492 3825 ad
542 3761 880 3845 Scipionis
926 3765 1088 3827 artis
1134 3763 1610 3846 imperatoriae
1647 3763 2162 3826 admirationem
2192 3771 2594 3824 moveantur

405 3879 718 3942 lectoreS.
812 3877 927 3944 Sic
990 3880 1281 3961 denique
1342 3881 1412 3942 in
1470 3877 1605 3942 fine
1661 3879 1828 3942 belli
1889 3878 2126 3941 Punici
2170 3876 2237 3939 H
2283 3873 2381 3955 (P.
2429 3874 2590 3937 XV.

499 4161 539 4243 ¹)
597 4162 907 4240 Appianus
960 4163 1169 4224 Hiber.
1215 4183 1267 4223 c.
1316 4181 1385 4221 21
1433 4172 1576 4222 tunc
1617 4162 1861 4222 demum
1901 4159 1963 4220 id
2005 4157 2219 4219 vidisse
2260 4155 2599 4235 Scipionem

405 4261 589 4322 tradit
606 4309 619 4335 ‚
649 4282 842 4340 neque
870 4282 907 4323 a
934 4263 1328 4342 piscatoribus
1354 4261 1416 4322 id
1448 4261 1724 4322 didicisse
1741 4308 1755 4336 ‚
1786 4265 1908 4341 ’ὅπερ
1934 4265 1960 4321 ὃ
1988 4264 2201 4320 Σκιπίων
2228 4263 2343 4321 τὸτε
2372 4262 2594 4334 ἰδών...;

406 4363 512 4422 cfr.
556 4382 609 4423 e.
657 4383 762 4439 23:
810 4368 836 4424 ὃ
874 4368 933 4426 δὲ
966 4369 1127 4430 τόλιιη
1170 4369 1258 4425 καὶ
1295 4371 1458 4447 τύχῃ
1501 4367 1651 4425 πόλιν
1691 4366 1818 4422 ἑλὼν
1854 4370 1951 4441 μιᾷ
1986 4366 2153 4440 ἡμέρᾳ
2181 4404 2260 4422 ...
