3375 5084
1808 357 1878 397 12

753 541 821 594 et
865 530 1251 611 permansit.
1342 529 1467 593 Ait
1514 530 1693 592 enirn
1740 528 1879 611 (VI.
1936 550 2014 590 1o
2061 535 2091 605 5
2141 529 2233 610 8):
2287 539 2395 612 τῆς
2442 535 2559 612 μὲν
2608 526 2942 613 βασιλείας

677 691 681 695 -
753 644 1162 728 κωλυομένης
1223 650 1662 728 ὗπερηφα-νεῖν
1730 645 1839 709 διὰ
1903 650 2017 709 τόν
2083 648 2211 709 ἀπὸ
2275 658 2385 711 τοῦ
2437 645 2640 726 δήμου
2692 647 2937 730 φόβον,

752 759 1095 846 δεδομένης
1160 766 1268 826 καὶ
1327 765 1533 846 τούτῳ
1583 758 1843 845 μερίδος
1912 763 2137 841 ἱκανῆς
2190 764 2255 823 ἐν
2308 768 2386 844 τῇ
2434 758 2778 843 πολιτείᾳ,
2830 770 2940 826 τοῦ

752 880 819 944 δὲ
873 881 1075 961 δήμου
1123 875 1323 944 πάλιν
1370 883 1454 959 μὴ
1510 883 1910 958 θαρροῦντος
1960 886 2396 961 καταφρονεῖν
2443 878 2573 942 τῶν
2618 873 2940 961 βασιλέων

753 993 862 1059 διὰ
918 997 1031 1058 τὸν
1103 994 1231 1057 dm)
1295 999 1423 1059 τ’ῶν
1488 1003 1808 1074 γερόντων
1860 995 2100 1077 φόβον,
2155 1000 2219 1057 οἳ
2271 992 2415 1058 κατ’
2468 989 2742 1073 ἐκλογὴν
2796 996 2932 1073 0391-

753 1109 1021 1191 στίνδην
1074 1107 1437 1191 κεκριμένοι
1475 1118 1715 1182 πάντες
1742 1109 2011 1191 ἔμελλον
2046 1112 2144 1172 ἀεὶ
2179 1119 2268 1193 τῷ
2302 1109 2537 1189 δικαίῳ
2564 1108 2942 1192 προςνέμειν

752 1233 1063 1302 ἑαυτούς,
1132 1224 1289 1290 ὥστε
1345 1231 1472 1306 ,τὴν
1524 1230 1654 1288 τῶν
1704 1222 2197 1309 ἐλαττουμένων
2247 1225 2477 1308 μερίδα
2530 1227 2639 1290 διὰ
2690 1230 2760 1290 τὸ
2811 1231 2945 1299 τοῖς

752 1342 971 1407 ἔθεσιν
1023 1344 1359 1424 ἐμμένειν,
1415 1344 1659 1422 ταύτην
1706 1340 1805 1405 ἀεὶ
1854 1341 2202 1418 γίγνεσθαι
2249 1342 2444 1422 μείζω
2494 1346 2603 1404 καὶ
2657 1340 2937 1425 βαρυτέ-

751 1484 874 1540 ραν
960 1465 1037 1539 τῇ
1120 1467 1250 1523 τῶν
1339 1464 1657 1540 γερόντων
1746 1455 2109 1539 προςκλίσει
2201 1460 2309 1523 καὶ
2392 1461 2577 1543 ῥοπῇ.
2694 1458 2945 1522 Priscis

752 1573 1172 1654 temporibus
1231 1572 1519 1636 fortasse
1578 1583 1854 1636 senatus
1900 1567 2033 1636 hoc
2077 1593 2355 1635 munere
2401 1572 2672 1637 functus
2722 1583 2830 1636 est
2873 1583 2949 1637 ut

710 1758 716 1766 ⁸
753 1689 946 1770 quasi
993 1690 1246 1752 arbiter
1290 1699 1472 1752 esset
1501 1689 1676 1752 inter
1707 1688 2207 1752 contumaciam
2236 1688 2474 1770 populi
2499 1699 2570 1752 et
2592 1690 2949 1771 imperium

752 1806 1019 1888 regium
1057 1801 1131 1886 1);
1178 1806 1302 1868 sed
1350 1825 1515 1867 mox
1562 1814 1836 1869 senatus
1883 1806 2231 1886 potentiae
2269 1806 2505 1888 regiae
2546 1815 2616 1868 et
2651 1806 2948 1868 libertati

752 1921 989 2002 populi
1049 1921 1297 1984 instare
1359 1922 1586 2002 coepit
1603 1969 1616 1996 ,
1681 1930 1750 1984 et
1810 1921 1880 1982 in
1941 1920 2386 2010 oligarchiam
2433 1941 2543 1984 res
2600 1921 2916 1984 vertisset
2933 1970 2947 1996 ,

751 2037 879 2099 nisi
948 2038 1357 2118 ephororum
1416 2038 1725 2119 potentia
1739 2087 1753 2112 ,
1817 2038 2256 2120 magistratus
2317 2038 2665 2119 popularis
2682 2086 2697 2114 ‚
2757 2038 2950 2118 quasi

752 2153 1016 2216 frenum
1083 2153 1403 2217 iniectum
1467 2163 1649 2217 esset
1713 2152 2120 2217 Senatorum
2180 2154 2441 2216 libidini
2479 2153 2539 2235 2).
2644 2153 2949 2217 Fuerunt

754 2270 991 2352 ephori
1036 2271 1228 2351 quasi
1272 2271 1446 2353 regii
1492 2271 1758 2351 imperii
1803 2271 2074 2352 patroni
2091 2320 2105 2347 ‚
2155 2271 2517 2352 superbiae
2559 2280 2947 2334 senatorum

752 2384 1071 2448 vindices.
1184 2384 1340 2449 Hoc
1426 2386 1631 2448 etiam
1702 2385 2070 2468 Polybium
2136 2369 2388 2449 vidisse
2460 2396 2748 2468 apparet
2813 2385 2947 2449 alio

753 2501 908 2564 loco
949 2498 1021 2583 3),
1091 2501 1208 2564 ubi
1276 2501 1402 2564 ait:
1475 2504 1579 2564 ἐπὶ
1652 2505 1799 2575 τούς
1874 2503 1943 2566 ἐν
2013 2512 2091 2586 τῇ
2150 2504 2605 2586 Λακεδαίμονι
2656 2490 2944 2587 βασιλεῖς

755 2614 1066 2691 πολλάκις
1128 2619 1289 2700 ὑμᾶς
1347 2617 1703 2700 ἐπέστησα,
1763 2615 1967 2699 λέγων
2017 2623 2116 2684 ὅτι
2166 2627 2472 2685 τοσοῦτον
2532 2624 2763 2702 χρόνον
2813 2617 2948 2681 διε-

754 2741 1036 2815 τήρησαν
1108 2743 1185 2817 τῇ
1255 2733 1520 2815 πατρίδι
1586 2740 1704 2814 τὴν
1780 2736 1910 2798 τῶν
1975 2730 2314 2816 ςΕλλήνων
2378 2735 2734 2816 ἠγεμονίαν
2794 2735 2945 2799 ὅσον

700 2920 703 2921 ⁷
755 2858 1450 2934 πειθαρχοῦντες
1514 2848 1725 2930 ὥσπερ
1790 2854 2044 2930 γονεῦσι
2110 2860 2244 2924 τοῖς
2312 2853 2560 2932 ἐφόροις
2607 2854 2947 2936 ἠνείχοντο

758 2962 1341 3050 συμβασιλεύοντες
1390 2963 1715 3046 ἀλλήλοις.
1792 2965 2013 3030 Causa
2058 2987 2178 3030 cur
2221 2967 2340 3030 illo
2386 2967 2543 3030 loco
2589 2987 2949 3048 perperam

757 3089 1059 3160 exponat
1126 3080 1365 3143 eadem
1439 3090 1543 3144 est
1610 3101 1745 3162 qua
1816 3091 1999 3144 totus
2060 3082 2234 3145 liber
2295 3093 2530 3146 sextus
2578 3083 2945 3146 claudicat:

759 3217 913 3260 cum
976 3196 1156 3259 enim
1218 3218 1256 3259 e
1320 3191 1538 3261 rebus
1570 3198 1785 3280 gestis
1832 3200 2236 3267 sententiam
2282 3199 2576 3281 aliquam
2622 3200 2738 3262 vel
2782 3200 2948 3262 iudi—

759 3315 935 3378 cium
985 3312 1255 3378 efficere
1301 3316 1417 3378 vel
1464 3317 1928 3380 demonstrare
1977 3318 2147 3381 velit
2165 3364 2181 3393 ,
2230 3318 2412 3399 ipsas
2460 3339 2577 3380 eas
2607 3338 2717 3380 res
2747 3318 2949 3399 plene

757 3440 827 3494 et
871 3451 1035 3493 vere
1081 3431 1418 3519 inquirere
1467 3442 1538 3495 et
1583 3452 1930 3514 exponere
1978 3434 2324 3517 neglegit;
2371 3435 2440 3497 in
2472 3433 2803 3498 firmanda
2830 3434 2952 3497 tali

758 3546 1075 3628 opinione
1138 3567 1408 3611 omnem
1469 3568 1748 3631 operam
1811 3550 2156 3614 collocans
2224 3558 2482 3614 temere
2528 3551 2865 3615 interdum
2910 3571 2952 3612 a

849 3773 889 3853 ¹)
931 3776 1071 3834 Hoc
1125 3793 1373 3835 munere
1413 3773 1623 3851 priscis
1665 3775 2035 3853 temporibus
2077 3778 2348 3835 functum
2393 3796 2519 3837 esse
2561 3786 2831 3836 senatum
2873 3774 2955 3835 ait

753 3873 1103 3933 Plutarchus
1164 3871 1333 3953 (Lyc.
1397 3893 1450 3932 c.
1511 3871 1604 3954 6),
1663 3894 1842 3951 quem
1892 3893 2080 3951 aeque
2122 3894 2194 3934 ac
2235 3874 2552 3953 Polybium
2596 3895 2668 3935 ex
2708 3875 2953 4012 Ephoro

752 3971 1013 4032 hausisse
1053 3992 1126 4033 eo
1167 3971 1357 4050 magis
1398 3972 1678 4033 credibile
1722 3982 1826 4033 est.

837 4069 888 4152 2)
928 4073 1099 4132 Plato
1153 4072 1229 4131 de
1283 4073 1436 4151 legg.
1494 4073 1600 4130 III.
1659 4092 1720 4149 p.
1780 4073 1891 4148 691
1949 4072 2052 4147 E.;
2105 4076 2273 4150 τριτὸς
2309 4080 2484 4152 σωτὴρ
2526 4076 2600 4134 ἔτι
2637 4085 2952 4151 σπαργῶσαν

756 4178 841 4231 καὶ
898 4179 1226 4251 θυμοαμένην
1281 4177 1375 4235 τὴν
1433 4177 1604 4250 ἀρχὴν
1663 4175 1814 4248 ὀρῶν,
1868 4172 1972 4230 οἷον
2024 4175 2208 4249 ψάλιον
2259 4176 2496 4250 ἐνέβαλεν
2545 4178 2675 4248 αὐτῇ
2722 4178 2817 4236 τὴν
2852 4184 2952 4230 τῶν

757 4274 940 4350 ἐφόρων
980 4276 1221 4348 δύναμιν.
1307 4269 1429 4328 Cfr.
1472 4267 1653 4326 Arist.
1685 4268 1824 4326 Pol.
1868 4269 1945 4327 H.
1989 4287 2042 4327 c.
2088 4289 2143 4344 3.

844 4364 892 4447 ²³)
932 4369 997 4426 P.
1041 4369 1261 4427 XXIV.
1307 4387 1359 4425 e.
1405 4366 1475 4425 8¹¹³
1516 4374 1545 4436 ξ
1592 4386 1642 4423 1.
