3375 5084
1882 347 2001 421 146

853 554 937 597 ea
979 534 1251 618 integra
1295 537 1613 600 adessent
1656 535 1913 601 factum
1960 557 2110 600 esse
2151 556 2289 598 non
2317 544 2545 618 potest
2562 583 2575 609 ,
2609 544 2680 598 et
2700 533 3036 615 Polybius

850 652 995 714 iure
1056 673 1265 716 voces
1333 654 1716 736 „legionem
1763 652 2312 717 Macedonicam”
2358 652 2598 714 omisit.
2691 648 2833 715 Sed
2879 670 3041 713 cum

848 766 980 831 hac
1047 768 1116 830 in
1182 789 1258 830 re
1326 778 1673 832 auctorem
1741 768 1920 832 Livii
1989 769 2319 831 erravisse
2388 776 2716 850 appareat
2732 815 2747 841 ‚
2816 774 3040 828 totam

846 884 1277 947 traditionem
1336 886 1422 947 de
1481 886 1753 949 auxiliis
1799 885 2264 949 Macedonicis
2307 881 2443 947 fide
2487 883 2836 965 indignam
2883 901 3041 943 esse

848 1000 1172 1063 credibile
1219 999 1296 1065 fit
1332 975 1395 1083 i).

938 1114 1231 1179 Omnino
1276 1118 1516 1199 negari
1560 1138 1698 1180 non
1742 1127 1971 1200 potest
1988 1166 2003 1193 ,
2050 1117 2509 1183 narrationem
2555 1114 2722 1179 belli
2766 1114 2836 1177 in
2879 1112 3044 1175 His-

845 1233 1048 1314 pania
1094 1242 1164 1296 et
1209 1232 1479 1309 Africa,
1528 1234 1804 1315 qualem
1851 1233 2065 1297 edidit
2110 1233 2472 1315 PolybiuS,
2520 1228 2723 1294 laude
2752 1231 3044 1313 dignam

847 1346 1016 1411 esse.
1109 1348 1412 1432 Egregio
1473 1360 1753 1413 auctore
1816 1371 1979 1413 usus
2026 1360 2130 1413 est
2149 1398 2164 1426 ,
2212 1349 2329 1431 qui
2374 1368 2678 1431 quasque
2724 1367 2832 1409 res
2877 1365 3043 1408 cum

845 1465 1136 1528 veritate
1183 1476 1254 1528 et
1300 1466 1643 1530 evidentia
1688 1476 2122 1548 exposuerat.
2204 1465 2486 1528 Etiamsi
2530 1463 2706 1526 forte
2750 1471 2937 1524 recte
2970 1460 3047 1522 ei

847 1580 1107 1644 auctori
1152 1580 1443 1645 obicitur
1458 1630 1473 1657 ,
1520 1602 1630 1645 res
1675 1580 2015 1665 Scipionis
2061 1583 2130 1644 in
2177 1581 2416 1644 Africa
2461 1579 2777 1662 degentis
2821 1578 2917 1640 ita
2945 1577 3044 1638 ab

848 1717 931 1759 eo
978 1698 1182 1779 (apud
1227 1697 1515 1780 Livium)
1560 1700 1738 1762 tradi
1782 1710 1860 1763 ut
1903 1720 2041 1762 non
2076 1700 2242 1763 satis
2274 1707 2620 1781 appareat,
2651 1697 2721 1759 in
2752 1703 3052 1777 quantas

846 1814 1196 1895 angustias
1266 1825 1657 1897 quantaque
1720 1815 2027 1898 pericula
2087 1816 2278 1879 initio
2341 1835 2400 1879 a.
2467 1834 2591 1892 203
2643 1812 2741 1875 ibi
2762 1812 2765 1817 ’
2783 1808 3055 1873 redacti

845 1927 1092 1993 fuerint
1175 1929 1507 2005 Romani,
1583 1932 1653 1994 id
1729 1932 2025 2014 Polybio
2104 1933 2376 1995 obicere
2460 1950 2598 1993 non
2680 1945 3049 2010 possumus

847 2047 1167 2128 quoniam
1211 2067 1347 2110 non
1392 2057 1540 2112 tota
1584 2049 1785 2112 huius
1834 2048 1990 2111 anni
2035 2049 2334 2112 narratio
2381 2046 2768 2129 Polybiana
2812 2052 3012 2107 extat
3033 2091 3050 2117 ,

845 2171 1109 2226 tantum
1153 2162 1539 2246 fragmenta
1586 2185 1678 2227 ex
1725 2186 1809 2227 ea
1854 2175 2232 2248 supersunt.
2284 2202 2366 2209 -
2414 2163 2639 2227 Etiam
2687 2181 2862 2244 quae
2894 2179 3048 2221 mu-

846 2278 1017 2341 tavit
1061 2277 1389 2360 Polybius
1404 2327 1420 2355 ‚
1467 2280 1797 2362 pleraque
1846 2281 2047 2344 certis
2093 2279 2496 2345 testimoniis
2529 2276 3045 2349 confirmantur;

846 2393 1107 2457 scilicet
1155 2391 1545 2476 Scipionem
1590 2395 1726 2458 iam
1775 2416 1929 2459 cum
1976 2397 2363 2459 Tarracone
2410 2397 2700 2477 degeret
2724 2392 3047 2476 explora-

845 2507 1025 2570 visse
1073 2508 1277 2572 situm
1324 2508 1800 2593 Carthagenae
1832 2512 2080 2594 probat
2113 2511 2404 2593 epistola
2432 2511 2644 2593 ipsius
2670 2507 3048 2590 Scipionis;

848 2645 1005 2687 eum
1080 2625 1379 2688 sobrium
1428 2604 1668 2690 ⁸fuisse
1745 2638 2011 2692 constat
2080 2650 2119 2691 e
2189 2614 2577 2692 testimonio
2646 2625 2899 2700 Laelii,
2976 2634 3052 2687 et

845 2751 1033 2804 recte
1089 2752 1165 2805 ut
1219 2742 1486 2806 videtur
1530 2755 1813 2827 urgetur
1859 2754 2096 2813 contra
2140 2744 2681 2807 adversariorum
2729 2742 3043 2805 crimina-

847 2857 1066 2920 tiones
1083 2906 1098 2933 ,
1160 2858 1275 2939 qui
1337 2859 1641 2941 inprimis
1699 2861 1788 2923 ob
1836 2861 2093 2924 cultum
2138 2860 2606 2923 humaniorem
2653 2868 2723 2922 et
2770 2855 3044 2921 Graeco

846 2972 993 3035 viro
1063 2973 1347 3056 dignum
1415 2975 1483 3037 in
1550 2997 1712 3038 eum
1780 2977 2009 3039 invehi
2079 2978 2393 3040 solebant
2430 2974 2492 3057 ²).
2599 2973 2743 3039 Sed
2813 2983 3047 3036 tamen

939 3296 981 3378 ¹)
1024 3298 1145 3357 cfr.
1191 3297 1369 3357 etiam
1412 3297 1565 3357 infra
1605 3317 1739 3374 cap.
1784 3300 1891 3357 III.

929 3394 980 3477 2)
1021 3399 1138 3455 Eas
1179 3396 1498 3456 memoriae
1541 3396 1725 3456 tradit
1765 3396 1965 3456 Livius
2005 3399 2226 3466 XXIX.
2271 3417 2325 3456 c.
2348 3416 2451 3473 ,19
2488 3406 2776 3474 „externo
2806 3405 2867 3455 et
2887 3392 3047 3471 regio

843 3514 1011 3555 more
1067 3505 1126 3554 et
1180 3494 1487 3573 indulgere
1545 3494 1728 3576 (eum)
1782 3495 2054 3556 licentiae
2108 3495 2362 3555 militum
2412 3505 2472 3556 et
2516 3493 2742 3555 saevire
2784 3493 2847 3552 in
2888 3493 3044 3552 eOS.''

844 3595 1050 3655 Paullo
1107 3604 1241 3671 post
1298 3593 1517 3672 „ipsius
1559 3594 1740 3653 etiam
1780 3593 2154 3670 imperatoris
2198 3613 2319 3654 non
2363 3596 2675 3654 Romanus
2717 3592 2903 3653 modo
2944 3590 3046 3650 sed

845 3712 921 3753 ne
976 3692 1244 3751 militaris
1298 3691 1539 3768 quidem
1597 3693 1791 3751 cultus
1843 3691 2209 3767 iactabatur3
2267 3712 2406 3752 cum
2450 3692 2630 3770 pallio
2673 3690 3044 3769 crepidisque

843 3776 1212 3852 inambulare
1253 3790 1313 3848 in
1358 3790 1666 3869 gymnasio
1706 3790 1913 3851 libellis
1956 3793 2567 3873 eumpalaestraeque
2597 3810 2847 3869 operam
2878 3791 3017 3849 dare
3025 3809 3040 3861 ;

847 3908 1036 3967 aeque
1081 3887 1337 3967 segniter
1378 3888 1750 3965 molliterque
1792 3890 2099 3949 cohortem
2143 3900 2332 3950 totam
2376 3891 2811 3968 Syracusarum
2852 3892 3042 3948 amoe-

847 3987 1031 4048 nitate
1087 3987 1238 4047 frui’'
1256 4034 1272 4064 ‚
1330 3998 1390 4047 et
1437 4006 1590 4065 quae
1634 4007 1763 4064 sqq.
1848 3987 1948 4046 Ad
1990 3988 2231 4048 eosdem
2272 3990 2464 4049 fontes
2505 3988 2887 4049 referendum
2923 4003 3041 4046 esse

848 4085 1083 4146 videtur
1126 4087 1308 4163 quod·
1334 4085 1602 4146 Valerius
1628 4085 1842 4145 Antias
1871 4087 2132 4147 narravit
2159 4108 2296 4148 eum
2325 4086 2615 4166 virginem
2637 4087 3040 4165 Carthagenae

853 4194 1093 4262 captam
1134 4185 1476 4263 parentibus
1517 4204 1637 4245 non
1680 4184 2007 4246 reddidisse
2046 4185 2228 4267 (Gell.
2266 4188 2403 4246 VH.
2452 4186 2544 4268 8);
2589 4188 2698 4247 sed
2738 4186 2788 4246 is
2831 4187 3038 4246 calum-

853 4282 985 4342 niae
1046 4284 1416 4346 convincitur
1479 4282 1817 4345 testimonio
1877 4286 2144 4346 omniurn
2198 4291 2513 4347 auctorum
2570 4286 2677 4364 qui
2733 4290 3035 4364 supersunt

855 4377 947 4458 (L.
1008 4383 1231 4441 XXVI.
1293 4402 1329 4440 c
1413 4401 1521 4459 50
1578 4384 1645 4441 P.
1701 4385 1775 4443 X.
1834 4404 1888 4444 c.
1950 4384 2067 4466 19).
2109 4385 2433 4460 —Quam
2474 4385 2648 4445 multi
2687 4386 2903 4446 fuerint
2942 4377 3034 4458 qui
