3375 5084
1905 324 1990 390 80

855 538 1010 582 eum
1071 530 1440 602 sequuntur
1502 521 1777 583 tradunt
1831 539 2180 581 numerum
2230 524 2546 593 800.000;
2597 519 2925 600 Polybius
2975 529 3043 581 et

857 638 972 718 qui
1020 657 1175 699 eum
1222 636 1525 717 sequitur
1568 637 1913 699 Diodorus
1959 635 2220 718 (XXV.
2270 657 2325 698 e.
2387 636 2483 717 13)
2512 636 2718 699 tradit
2746 656 3039 716 770.000.

854 752 1055 833 Quod
1103 751 1329 815 differt
1376 753 1474 815 ita
1520 752 2001 834 explicandum
2053 772 2204 814 esse
2250 752 2535 826 videtur,
2582 752 2829 833 partim
2862 753 3042 832 quod

850 868 1086 932 Livius
1134 890 1488 932 numerum
1536 869 1841 950 posuerit
1888 870 2251 932 rotundum
2270 917 2284 942 ,
2330 868 2580 950 partim
2621 869 2804 949 quod
2840 867 3044 949 Poly-

850 986 1002 1048 bius
1049 986 1310 1067 aliquot
1364 985 1595 1066 copias
1642 985 1944 1048 omiserit
1959 1034 1975 1060 ,
2022 1005 2268 1066 nempe
2336 985 2711 1065 equitatum
2756 984 3048 1047 Umbro-

854 1121 1005 1163 rum
1056 1111 1126 1164 et
1175 1100 1717 1164 Cenomanorum
1765 1103 1841 1182 (c.
1896 1121 1976 1178 24
2027 1106 2058 1177 ἓ
2115 1099 2204 1180 7),
2250 1099 2393 1162 fere
2420 1120 2596 1177 4500
2623 1110 2693 1163 et
2715 1100 3050 1162 sociorum

857 1218 1090 1299 copias
1155 1217 1220 1279 in
1288 1215 1523 1280 Sicilia
1571 1227 1639 1280 et
1686 1217 1967 1279 Tarenti
2014 1217 2089 1298 (c,
2144 1236 2225 1294 24
2275 1221 2305 1293 5
2363 1215 2493 1296 13),
2540 1215 2684 1279 fere
2739 1237 2951 1279 12000
2993 1212 3051 1297 ¹).

944 1334 1325 1414 Utramque
1390 1333 1825 1396 traditionem
1886 1332 2083 1415 (Livii
2147 1343 2218 1396 et
2262 1331 2558 1413 Polybii)
2608 1353 2647 1395 e
2693 1332 2890 1395 Fabii
2937 1353 3050 1394 an-

853 1449 1120 1511 nalibus
1189 1447 1470 1511 fluxisse
1488 1498 1504 1524 ,
1578 1449 1714 1529 iam
1779 1449 1936 1511 ideo
1997 1449 2328 1530 probatur
2342 1497 2356 1522 ,
2421 1450 2606 1530 quod
2657 1448 3054 1512 incredibile

854 1567 1126 1628 videtur
1187 1576 1257 1629 et
1319 1586 1360 1628 a
1421 1565 1638 1628 Fabio
1703 1575 1774 1628 et
1840 1566 1928 1627 ab
1993 1566 2128 1628 alio
2191 1566 2486 1647 quodam
2551 1576 2831 1628 auctore
2878 1565 3056 1629 forte

857 1692 1013 1745 ante
1098 1681 1266 1743 belli
1342 1679 1591 1745 Gallici
1660 1681 2116 1745 narrationem
2194 1681 2401 1743 talem
2474 1682 3052 1763 computationem

854 1797 1107 1861 factam
1155 1818 1305 1860 esse
1338 1797 1399 1879 ²).
1472 1796 1614 1861 Sed
1653 1797 1860 1860 etiam
1890 1807 2105 1861 totam
2131 1797 2298 1860 belli
2324 1796 2574 1861 Gallici
2599 1798 3056 1860 narrationem

858 1935 901 1976 a
947 1914 1240 1996 Polybio
1289 1935 1327 1976 e
1377 1914 1575 1977 Fabii
1624 1914 1815 1977 libris
1863 1932 2013 1977 esse
2045 1924 2386 1996 sumptam
2404 1963 2418 1989 ,
2452 1882 3057 1977 docet²consensus

862 2030 1086 2094 Orosii
1149 2030 1285 2113 (qui
1347 2030 1638 2093 Fabium
1702 2041 2050 2094 auctorem
2109 2031 2413 2094 nominat
2429 2079 2443 2105 ‚
2498 2030 2617 2093 IV.
2681 2053 2702 2092 1
2730 2080 2746 2104 ,
2804 2054 2826 2092 1
2842 2030 2938 2111 3),
2994 2040 3063 2092 et

858 2146 1147 2228 Polybii.
1221 2146 1424 2228 [Nam
1471 2148 1656 2229 quod
1701 2147 1856 2210 illos
1910 2153 2198 2210 800.ooo
2245 2147 2598 2213 hominum
2635 2157 2781 2210 tum
2821 2167 3065 2209 revera

860 2263 931 2325 in
1000 2262 1308 2325 exercitu
1371 2263 1694 2325 Romano
1757 2274 1994 2326 contra
2062 2262 2303 2328 Gallos
2374 2264 2772 2327 militavisse
2830 2273 3065 2325 narrat

862 2377 1141 2441 Orosius
1158 2427 1172 2453 ‚
1221 2378 1291 2440 id
1347 2380 1433 2441 de
1478 2399 1602 2442 suo
1649 2398 2011 2461 perperam
2060 2380 2367 2461 addidit}
2439 2379 2568 2442 His
2616 2380 2844 2442 verbis
2877 2380 3061 2441 enim

868 2495 1325 2557 consentiunt:

949 2610 1095 2672 Pol.
1168 2630 1224 2673 e.
1303 2631 1378 2671 22
1455 2616 1486 2687 5
1560 2631 1623 2672 1:
1688 2615 1836 2685 τούς
1906 2616 2050 2696 περὶ
2118 2615 2231 2676 τὸν
2417 2611 2610 2675 Oros
2662 2612 2702 2674 l.
2735 2611 2807 2674 l.:
2848 2610 3067 2686 „Gae-

859 2725 1188 2792 Ῥόδανον
1286 2731 1759 2802 κατοικοῦντας
1853 2724 2172 2801 Γαλάτας
2206 2776 2223 2806 ,
2319 2738 2656 2802 satorum,
2713 2729 2896 2809 quod
2944 2748 3069 2790 no-

860 2844 1539 2927 προςαγορευομένους
1589 2841 1656 2909 δὲ
1715 2842 1825 2907 διὰ
1874 2846 1945 2910 τὸ
1990 2850 2230 2928 μισθοῦ
2324 2866 2481 2907 men
2510 2865 2647 2907 non
2674 2844 2918 2927 gentiS,
2947 2845 3073 2906 sed

860 2967 1228 3041 στρατεύειν
1294 2961 1699 3032 Γαισάτους·
1777 2989 1813 3043 η
1880 2963 1999 3041 γὰρ
2052 2957 2224 3037 λέξις
2385 2961 3007 3023 mercennariorum

860 3076 1050 3137 τοῦτο
1105 3074 1402 3155 σημαίνει
1457 3076 1715 3157 κυρίως.
2325 3074 2681 3140 Gallorum
2728 3076 2884 3139 est.’'

859 3367 978 3429 hoc
1033 3369 1325 3446 pertinere
1381 3371 1657 3431 ostendit.
1747 3373 1848 3457 Du
1889 3373 2042 3432 Rieu
2094 3372 2154 3454 (1.
2198 3374 2237 3432 1.
2281 3394 2340 3450 p.
2392 3371 2529 3452 194)
2571 3371 2827 3433 coniecit
2868 3372 3071 3450 legen-

863 3469 1008 3528 dum
1051 3489 1176 3529 esse
1225 3488 1481 3546 770.000
1524 3470 1653 3550 (cfr.
1699 3470 1873 3531 Peter
1918 3475 2002 3533 H.
2043 3475 2117 3531 R.
2163 3474 2239 3531 R.
2284 3493 2340 3549 p.
2389 3476 2465 3548 36
2509 3483 2634 3532 not.
2683 3469 2800 3550 23).

961 3568 998 3647 ¹)
1042 3571 1382 3629 Mommsen
1425 3571 1462 3630 1.
1505 3570 1540 3627 1.
2939 3643 2954 3655 ·

947 3666 998 3748 2)
1061 3670 1392 3727 Numerum
1455 3671 1871 3729 Romanorum
1927 3680 1988 3729 et
2045 3671 2492 3747 Campanorum
2550 3669 2830 3747 Polybius
2886 3667 3076 3728 tradit

868 3786 1128 3844 299.200
1192 3767 1328 3844 ped.
1397 3772 1615 3828 26.100
1673 3788 1766 3846 eq.
1825 3768 2063 3850 (nempe
2118 3777 2146 3840 ξ
2204 3771 2523 3845 3ε20.800
2568 3804 2646 3812 -—
2696 3787 2879 3841 1200;
2924 3775 2955 3839 ξ
2999 3789 3078 3845 9:

875 3887 1091 3925 20.000
1136 3902 1216 3910 —-
1264 3885 1451 3945 15003
1494 3876 1522 3939 ξ
1571 3889 1682 3944 13:
1710 3870 1867 3941 8400
1914 3904 1989 3912 —
2035 3889 2185 3943 4003
2216 3876 2244 3941 ἓ
2279 3889 2390 3942 14:
2417 3886 2675 3946 25o.ooo
2706 3902 2787 3911 --
2811 3867 3076 3948 23000).

873 3966 1060 4042 Apud
1123 3965 1405 4053 Orosium
1463 3969 1642 4046 vulgo
1697 3966 1910 4045 legitur
1966 3986 2285 4027 numerus:
2320 3970 2578 4043 348.200
2634 3966 2770 4044 ped.
2818 3968 3077 4040 26.600;

867 4063 964 4123 ille
1007 4084 1289 4124 numerus
1331 4076 1649 4143 corruptus
1692 4086 1818 4125 esse
1860 4066 2121 4140 videtur,
2164 4066 2248 4126 ita
2292 4077 2357 4127 ut
2398 4086 2508 4144 pro
2533 4067 3078 4128 CCCXXXXVIII

877 4163 980 4222 CC
1020 4164 1340 4241 legendum
1371 4165 1445 4224 sit
1472 4164 1530 4246 (e
1557 4164 1902 4224 coniectura
1928 4165 2334 4246 Mommsenii)
2356 4167 2926 4226 CCLXXXXVIIII
2949 4167 3073 4227 CC.

873 4261 1070 4320 Etiam
1134 4261 1544 4324 animadverto
1563 4312 1578 4339 ,
1637 4284 1674 4323 a
1730 4264 2126 4325 Mommsenio
2183 4276 2242 4325 et
2298 4266 2375 4326 ab
2428 4265 2742 4326 Hultschio
2787 4277 3076 4342 tanquam

869 4361 1163 4438 glossema
1204 4361 1392 4421 eiecta
1433 4383 1559 4422 esse
1602 4365 1786 4423 verba
1827 4370 1855 4435 ἓ
1904 4380 2009 4438 15:
2055 4370 2326 4444 κεφάλαιον
2363 4399 2445 4408 -
2482 4369 2542 4430 τὸ
2580 4370 2659 4426 δέ.
