3375 5084
1498 379 1570 419 21

446 559 893 632 tempestates
940 549 1307 633 effugiens,
1353 572 1570 634 prope
1615 561 1890 634 portum
1937 562 2007 615 et
2052 553 2239 617 littus
2283 555 2491 636 perit,
2538 557 2636 619 sic

444 664 903 728 Athenienses
965 666 1303 730 violentas
1365 677 1810 749 tempestates
1871 666 2135 732 fortiter
2178 670 2603 751 pertulerunt
2619 720 2633 747 ,

443 782 567 845 sed
643 781 955 844 omnibus
1030 782 1406 864 tranquillis
1481 792 1740 846 temere
1812 783 2151 847 interdum
2218 784 2394 866 lapsi
2461 795 2634 850 sunt.

447 896 720 962 Oblitus
766 907 871 961 est
916 898 1245 980 Polybius
1291 900 1476 981 quod
1518 919 1742 981 neque
1789 909 2058 982 tempus
2089 921 2223 982 quo
2252 902 2341 964 ad
2365 900 2636 985 Aegos-

442 1024 758 1096 potamos
831 1035 1054 1098 neque
1130 1035 1265 1097 quo
1341 1017 1432 1078 ad
1505 1015 1975 1080 Chaeroneam
2042 1026 2424 1100 pugnatum
2500 1028 2604 1082 est
2619 1068 2633 1095 ‚

441 1131 878 1213 tranquillum
922 1130 1457 1196 Atheniensibus
1506 1142 1576 1195 et
1619 1133 1905 1214 periculi
1944 1153 2193 1221 expers
2224 1134 2357 1198 dici
2377 1144 2632 1217 potest3

443 1256 516 1309 at
558 1247 666 1309 his
711 1246 875 1328 ipsis
918 1247 1168 1329 pugnis
1213 1247 1602 1329 respublica
1645 1247 2086 1313 Atheniensis
2130 1249 2350 1314 fracta
2395 1261 2516 1315 est.
2549 1289 2632 1298 —

441 1362 696 1445 Tangit
753 1361 1017 1426 deinde
1054 1362 1218 1425 alibi
1266 1363 1725 1427 conditionem
1769 1364 2200 1428 Athenarum
2247 1366 2465 1449 qualis
2510 1365 2635 1432 fuit

440 1479 630 1541 initio
675 1478 844 1541 belli
890 1479 1237 1555 Thebani,
1286 1489 1357 1542 et
1401 1489 1477 1543 ut
1520 1466 1666 1542 rem
1713 1481 2025 1544 omnibus
2068 1492 2301 1546 notam
2335 1478 2377 1565 ¹)
2425 1502 2634 1565 expo-

436 1595 537 1657 nit
607 1615 690 1657 eo
760 1604 1068 1676 tempore
1085 1643 1101 1671 ,
1173 1615 1328 1657 cum
1389 1604 1572 1675 totus
1633 1615 1805 1679 ager
1863 1597 2139 1662 Atticus
2200 1608 2272 1662 et
2336 1599 2633 1663 omnium

440 1713 624 1774 bona
669 1722 740 1775 et
783 1732 893 1775 res
939 1711 1287 1775 familiaris
1318 1713 1839 1776 aestimarentur
1868 1715 2102 1778 tributi
2124 1714 2387 1779 ferendi
2411 1735 2632 1793 causa,

440 1837 657 1892 totam
717 1828 1076 1909 pecuniam
1141 1828 1568 1892 aestimatam
1613 1829 1901 1914 (τίμημα)
1944 1829 2150 1894 fuisse
2198 1836 2373 1910 6250
2419 1832 2632 1896 talen-

438 1954 677 2008 torum.
771 1941 913 2008 Sed
973 1953 1202 2007 tamen
1255 1944 1476 2008 minus
1522 1922 1840 2009 accurate
1886 1966 2032 2009 rem
2077 1947 2427 2024 tractavit3
2477 1967 2631 2011 cum

442 2081 598 2123 eum
673 2059 927 2144 fugerit
1000 2081 1137 2124 non
1214 2062 1441 2125 omnia
1514 2064 1699 2126 bona
1775 2063 2160 2127 aestimata
2199 2063 2406 2128 fuisse
2422 2113 2437 2140 ,
2509 2065 2631 2128 sed

437 2176 741 2259 quintam
805 2178 1010 2239 modo
1074 2186 1341 2258 partem
1394 2178 1579 2259 apud
1624 2178 1903 2241 ditiores
1919 2227 1935 2259 ,
1982 2179 2201 2242 minus
2248 2182 2432 2262 apud
2476 2181 2629 2244 reli-

438 2311 608 2373 quos
638 2291 682 2374 2)
701 2340 715 2367 ‚
760 2293 1172 2374 permutavit
1218 2312 1446 2356 errore
1493 2295 1739 2378 τίμημα
1772 2294 2150 2375 (pecuniam
2181 2295 2626 2378 aestimatam)
2743 2312 2746 2317 ·

439 2428 595 2470 cum
639 2409 844 2470 rebus
891 2408 1279 2499 domesticis
1326 2408 1594 2471 civium.
1644 2447 1727 2453 ——
1776 2406 1998 2473 studii
2045 2410 2336 2492 denique
2382 2409 2627 2475 Demo·
2675 2478 2678 2482 ,

435 2522 693 2587 stltemls
730 2525 1109 2600 orationum
1139 2525 1437 2607 vestigia
1469 2535 1708 2606 extant
1736 2525 1807 2588 in
1837 2546 1922 2588 ea
1950 2536 2145 2607 parte
2178 2527 2332 2590 libri
2359 2526 2625 2605 XVIII,

437 2661 573 2723 qua
639 2641 789 2724 quis
856 2642 944 2704 sit
1010 2641 1317 2723 proditor
1378 2641 1705 2705 dicendus
1765 2642 2026 2723 patriae
2087 2643 2390 2725 inquirit3
2456 2644 2626 2708 duos

436 2756 629 2820 locos
690 2757 925 2820 laudat
972 2757 1293 2820 orationis
1314 2758 1317 2761 ’
1338 2756 1824 2821 Demosthenis
1870 2758 1957 2821 de
2004 2772 2256 2821 corona
2271 2806 2286 2834 ,
2334 2758 2625 2822 alterum

433 2891 569 2952 quo
629 2872 933 2954 Philippi
993 2872 1214 2936 socios
1268 2892 1559 2955 graecos
1606 2883 1959 2937 enumerat
2001 2873 2506 2937 Demosthenes
2544 2873 2588 2956 ³)
2608 2923 2623 2949 ,

433 2987 723 3051 alterum
790 2989 876 3052 de
936 3008 1162 3070 poena
1225 3010 1400 3072 quae
1460 2988 1787 3072 perfidiae
1829 2990 2178 3054 immineat
2223 3011 2266 3054 a
2309 2991 2589 3074 regibus
2606 3040 2621 3068 ,

433 3123 588 3166 cum
632 3105 1053 3186 proditorum
1100 3124 1311 3188 opera
1354 3106 1458 3168 usi
1504 3106 1636 3169 sint
1671 3105 1736 3188 4).

519 3219 599 3282 In
641 3220 722 3283 iis
770 3213 947 3302 quae
993 3222 1080 3285 de
1125 3222 1328 3284 rebus
1374 3222 1642 3304 graecis
1687 3232 1846 3287 ante
1883 3223 2100 3305 gestis
2129 3223 2385 3287 iudicat
2401 3223 2619 3306 -Poly-
2654 3229 2657 3235 ’

432 3335 582 3399 bius
600 3386 614 3412 ,
683 3357 820 3399 non
887 3346 1118 3419 potest
1178 3338 1340 3420 quin
1400 3358 1855 3420 agnoscamus
1908 3338 2230 3403 iudicium
2276 3340 2421 3403 eius
2468 3360 2618 3403 esse

428 3453 556 3515 viri
644 3454 878 3536 graeci
904 3503 918 3530 ,
1009 3454 1177 3518 civis
1261 3455 1866 3538 Megalopolitani,
1952 3457 2245 3538 denique
2327 3451 2622 3527 foederis

430 3567 722 3633 Achaici
763 3569 1062 3634 fautoriS.
1159 3571 1589 3655 Respublica
1633 3570 2157 3635 Atheniensium
2201 3572 2401 3636 nobis
2444 3593 2621 3636 nunc

429 3685 699 3750 videtur
774 3688 967 3769 quasi
1040 3685 1376 3751 nutricula
1455 3686 1714 3770 ingenii
1789 3688 2024 3769 graeci
2040 3736 2056 3763 ‚
2134 3689 2318 3770 quod
2390 3688 2460 3750 in
2535 3707 2619 3751 ea

513 3999 559 4081 1)
599 4002 665 4060 P.
708 4002 786 4059 Π.
829 4020 882 4060 e.
927 4004 1002 4062 62
1047 4009 1076 4074 §
1120 4004 1188 4061 6:
1223 4010 1312 4071 ιτῖς
1345 4006 1450 4082 γὰρ
1489 4008 1591 4082 οὐχ
1628 4007 1865 4081 ἱστόρηκε
1901 4037 1981 4045 -
2025 4030 2077 4063 κ.
2118 4030 2171 4065 τ.
2212 4008 2264 4066 λι

420 4118 421 4121 ’
508 4097 559 4181 2)
600 4100 722 4160 cfr.
763 4100 1070 4173 Schaefer‚
1116 4099 1427 4160 Demosth.
1473 4098 1599 4159 und
1640 4098 1801 4159 scine
1844 4099 2002 4175 Zeit,
2046 4102 2092 4160 I.
2136 4120 2196 4177 p.
2247 4119 2337 4180 19.

510 4196 559 4278 3)
601 4200 667 4258 P.
710 4200 937 4259 XVHI.
981 4220 1034 4259 c.
1083 4220 1158 4274 14
1198 4207 1226 4272 ξ
1272 4219 1303 4258 2
1348 4234 1428 4242 —-
1471 4197 1785 4258 Demosth.
1829 4198 1905 4258 de
1950 4218 2074 4259 cor.
2115 4218 2178 4276 p.
2223 4218 2358 4275 324·
2429 4211 2432 4214 ’
2481 4242 2482 4247 1
2592 4251 2599 4256 .

511 4296 563 4378 4)
601 4299 668 4357 P.
719 4300 944 4358 XVIII.
997 4318 1049 4357 c.
1100 4316 1169 4377 15
1214 4307 1243 4371 ς
1285 4319 1320 4376 9
1365 4318 1452 4375 sq.
1499 4296 1812 4358 Demosth.
1860 4297 1936 4357 de
1977 4316 2100 4358 cor.
2144 4318 2202 4375 p.
2252 4318 2360 4371 ²41
2406 4296 2458 4378 (ξ
2499 4297 2618 4380 47).

426 4399 658 4458 Locum
698 4397 1041 4459 memoriter
1081 4397 1391 4457 laudatum
1432 4416 1558 4457 esse
1599 4406 1868 4474 apparet.
2654 4434 2660 4439 -
