3375 5084
1394 374 1467 430 91

433 545 776 625 Numquid
839 545 1023 607 aliud
1083 546 1151 608 in
1209 546 1708 609 narrationibus
1752 547 1961 621 Livii,
2008 546 2328 624 Diodori,
2375 548 2538 611 Dio-

338 661 509 743 nysii
527 710 542 736 ,
605 660 955 724 Plutarchi
1016 670 1206 723 extet
1268 682 1306 723 e
1368 661 1565 725 Fabii
1627 663 1982 726 annalibus
2053 665 2541 747 depromptum

341 776 709 840 diiudicare
771 796 1055 858 nequeo.
1147 777 1354 840 Aliae
1413 778 1811 842 traditiones
1886 780 2045 861 quia
2093 781 2353 844 eisdem
2399 781 2541 844 fere

343 892 570 956 verbis
640 894 822 974 apud
883 914 1118 956 omnes
1179 904 1490 957 auctores
1549 906 1900 970 recurrunt
1916 944 1931 971 ,
1995 897 2159 960 satis
2220 898 2538 979 antiquae

344 1031 493 1073 esse
541 1010 857 1073 videntur
896 1006 969 1093 ¹);
1018 1011 1187 1074 alias
1232 1011 1571 1074 recentius
1620 1012 1886 1076 additas
1933 1034 2084 1076 esse
2133 1023 2422 1095 apparet
2458 1035 2541 1077 eo

343 1127 528 1206 quod
594 1142 732 1189 non
794 1127 975 1207 apud
1038 1146 1275 1190 omnes
1336 1128 1536 1191 simili
1589 1127 1809 1190 forma
1855 1137 2094 1193 extant
2132 1129 2194 1211 ²).
2287 1129 2395 1192 Ex
2440 1151 2543 1213 gr.

345 1244 433 1305 ad
482 1243 779 1305 dedecus
826 1242 1138 1306 Alliense
1185 1244 1552 1308 levandum
1597 1245 1665 1308 in
1712 1246 2040 1327 temporis
2089 1248 2379 1310 decursu
2408 1247 2545 1310 vic·
2644 1256 2647 1259 ’

342 1361 517 1423 toria
580 1359 934 1424 Gallorum
994 1380 1210 1442 parva
1275 1371 1345 1426 et
1377 1363 1590 1430 ,exilis
1637 1361 1942 1427 efficitur.
2034 1363 2268 1427 Livius
2315 1374 2544 1429 narrat

343 1477 722 1540 exercitum
790 1477 1183 1541 Romanum
1253 1480 1340 1542 ad
1404 1479 1664 1542 Alliam
1727 1478 1950 1544 fusum
2011 1500 2299 1561 parvum
2343 1479 2548 1544 fuisse

343 1603 413 1656 et
477 1593 670 1674 quasi
729 1595 1255 1658 tumultuarium.
1346 1594 1678 1678 Polybius
1725 1595 1830 1678 (II.
1880 1616 1935 1659 c.
1994 1601 2067 1660 18
2118 1601 2149 1672 ἓ
2205 1595 2263 1677 2)
2312 1607 2551 1661 contra

343 1709 552 1771 tradit
609 1710 967 1772 Romanos
1028 1731 1178 1773 esse
1241 1710 1426 1775 fusos
1475 1716 1585 1776 καὶ
1635 1717 1787 1788 τούς
1831 1713 1992 1793 μετὰ
2041 1715 2287 1777 τούτων
2338 1737 2549 1794 παρα-

341 1825 787 1909 ταξαμένους,
851 1825 1194 1889 Diodorus
1248 1828 1372 1903 ait,
1438 1824 1817 1903 ἐξελθόντες
1886 1826 2254 1911 πανδημεί,
2323 1838 2393 1891 et
2454 1828 2550 1891 ita

340 1941 603 2022 reliqui.
696 1942 862 2005 Alia
920 1942 1226 2005 Fabiana
1287 1944 1423 2006 iam
1485 1954 1688 2007 antea
1751 1966 1789 2007 e
1849 1944 2138 2026 vulgata
2182 1943 2546 2007 traditione

343 2070 624 2122 exemta
683 2081 834 2122 esse
895 2059 1239 2136 videntur,
1303 2081 1439 2142 quo
1502 2061 1710 2123 etiam
1755 2060 2185 2124 verisimilius
2230 2058 2307 2122 fit
2355 2080 2399 2122 a
2442 2080 2544 2122 re-

342 2174 756 2238 centioribus
772 2224 786 2250 ‚
855 2185 931 2238 ut
997 2175 1223 2251 Livio,
1293 2177 1458 2258 ipsis
1473 2225 1488 2252 ‚
1558 2177 1755 2239 Fabii
1818 2177 2097 2239 annales
2158 2177 2287 2239 hac
2345 2176 2414 2238 in
2472 2196 2547 2238 re

337 2310 479 2353 non
542 2311 691 2353 esse
753 2291 1055 2354 collatos
1148 2292 1478 2374 Polybius
1536 2292 1715 2355 enim
1769 2292 1975 2356 tradit
2020 2291 2327 2355 Venetos
2376 2289 2537 2355 Gal-

286 2486 290 2491 ,
341 2409 567 2470 lorum
626 2405 796 2471 fines
850 2409 1226 2491 ingreSSOS,
1276 2409 1651 2472 domestica
1694 2409 1977 2491 negotia
2022 2409 2103 2471 iis
2150 2407 2542 2471 exhibuisse

344 2524 593 2606 quibus
640 2535 1050 2607 cogerentur
1094 2525 1371 2589 foedere
1418 2525 1600 2589 facto
1648 2526 2019 2600 decedere;
2068 2544 2244 2606 quae
2270 2523 2545 2587 traditio

343 2660 515 2703 mox
562 2641 908 2705 oblivione
952 2661 1189 2723 pressa
1234 2642 1385 2705 aliis
1432 2641 1651 2705 cessit.

334 2827 469 2877 tum
524 2836 602 2877 ne
654 2816 863 2877 mortis
916 2816 1160 2895 quidem
1200 2827 1366 2877 metu
1408 2815 1740 2894 prohibitus
1781 2814 2134 2876 deseruisset
2149 2861 2165 2890 ,
2209 2814 2267 2874 in
2314 2814 2554 2893 Capito·
2603 2843 2611 2851 ·

332 2916 485 2976 lium
527 2916 606 2976 ad
647 2936 786 2977 suos
827 2915 1028 2992 rediit,
1071 2935 1174 2976 seu
1217 2915 1483 2976 attonitis
1524 2915 1709 2976 Gallis
1751 2915 2037 2976 miraculo
2080 2913 2368 2974 audaciae
2389 2961 2403 2990 ‚
2448 2934 2553 2973 seu

321 3008 626 3094 'religione
668 3014 848 3075 etiam
889 3014 1065 3076 motis
1091 3061 1105 3075 .
1134 3061 1148 3075 .
1176 3061 1189 3074 .

426 3117 599 3174 Haec
643 3134 783 3174 cum
823 3114 943 3173 iam
985 3124 1125 3174 ante
1166 3113 1393 3192 aliquot
1436 3134 1622 3175 annos
1667 3112 1891 3192 scripta
1931 3124 2155 3188 essent,
2200 3132 2391 3191 nuper
2432 3111 2552 3175 vidi

337 3215 554 3276 eadem
618 3215 724 3275 sed
785 3213 1023 3274 brevius
1086 3212 1356 3292 exposita
1417 3233 1545 3275 esse
1605 3215 1685 3274 ab
1742 3212 1912 3273 Ihnio
1967 3211 2170 3293 (Rom.
2228 3212 2445 3273 Gesch.
2504 3214 2551 3271 I.

315 3335 404 3392 ·p.
454 3332 566 3391 227
613 3314 754 3373 adn.
799 3312 877 3395 8).

431 3411 481 3494 1)
535 3415 621 3473 Ut
675 3413 925 3473 fortasse
980 3414 1055 3473 de
1111 3411 1337 3473 Manlio
1391 3411 1573 3473 Diod.
1626 3414 1790 3472 XIV.
1845 3415 1956 3471 116
1999 3419 2027 3484 ἓ
2070 3415 2139 3486 63
2182 3410 2311 3471 Liv.
2354 3413 2430 3470 V.
2476 3426 2549 3486 47

247 3538 254 3547 ⁵
341 3521 370 3586 ξ
413 3535 487 3588 43
532 3511 781 3590 DionyS.
824 3514 991 3572 XIII.
1039 3515 1075 3572 8
1118 3510 1279 3593 (11),
1323 3511 1425 3589 qui
1468 3531 1595 3571 rem
1637 3511 1907 3589 pluribus
1950 3520 2129 3588 auget
2169 3519 2229 3570 et
2270 3520 2463 3571 ornat.

434 3609 485 3693 2)
541 3613 627 3671 Ut
673 3610 964 3688 proelium
1006 3611 1085 3670 ad
1127 3620 1408 3670 octavum
1450 3609 1712 3688 lapidem
1756 3609 1992 3671 Gabina
2031 3608 2127 3668 via
2167 3607 2551 3669 commissum

349 3711 478 3771 Liv.
522 3698 596 3770 V.
642 3729 720 3788 49
763 3718 790 3782 ξ
834 3714 889 3770 6.
934 3711 1087 3770 Plut.
1132 3711 1302 3771 Cam.
1347 3730 1400 3769 e.
1447 3730 1521 3787 ²9
1537 3732 1553 3785 3
1598 3710 1705 3769 cfr.
1750 3707 1931 3769 Diod.
1975 3710 2138 3768 XIV.
2182 3728 2235 3768 c.
2286 3724 2396 3783 117
2442 3715 2555 3780 §4-

348 3812 535 3888 Apud
608 3809 944 3870 Diodorum
1013 3810 1158 3869 latet
1174 3856 1189 3884 ‚
1246 3810 1460 3883 credo,
1517 3809 1752 3869 fabulae
1808 3806 1996 3887 origo.
2091 3808 2247 3866 Nam
2302 3805 2387 3867 ibi
2445 3808 2557 3867 Ca-

347 3908 573 3969 millus*
605 3909 888 3984 Volscos,
951 3912 1229 3986 AequOS,
1292 3909 1579 3968 Etruscos
1631 3906 1816 3968 vincit
1833 3954 1848 3982 ‚
1904 3917 1964 3967 et
2019 3906 2076 3966 in
2136 3906 2350 3966 eodem
2398 3906 2564 3976 bello

349 4010 563 4069 urbem
604 4008 924 4069 Veascium
964 4008 1288 4092 (Vulsinios
1304 4055 1319 4083 ‚
1361 4009 1455 4067 vel
1495 4009 1825 4069 Tusculum
1838 4007 1891 4088 Ρ)
1932 4026 1970 4066 a
2004 4005 2189 4067 Gallis
2219 4004 2557 4066 liberavisse

350 4107 628 4168 traditur.
692 4110 826 4170 Hos
877 4109 1081 4169 Gallos
1121 4108 1456 4186 praedones
1497 4110 1887 4167 Etruscorum
1930 4104 2340 4183 stipendiarios
2381 4102 2556 4166 fuisse

354 4207 650 4286 suspicor3
697 4207 913 4268 deinde
951 4208 1212 4269 fabulam
1255 4227 1392 4279 esse·
1425 4209 1834 4286 pervulgatam
1876 4203 2045 4282 quasi
2066 4205 2324 4264 -eosdem
2352 4205 2557 4265 Gallos

354 4306 456 4383 qui
527 4310 790 4367 Romam
857 4317 1300 4385 oppugnassent
1368 4306 1600 4367 vicisset
1673 4303 1954 4365 Camillus
1977 4350 1992 4377 ‚
2063 4314 2124 4363 et
2194 4323 2406 4364 aurum
2474 4304 2556 4364 eis

355 4406 691 4467 ademisset.
1334 4420 1342 4428 ·
