3375 5084
1839 331 1961 388 114

807 521 916 564 res
961 502 1344 564 Poenorum
1389 503 1459 564 in
1503 502 1837 584 Hispania
1870 511 2144 585 gereret
2182 501 2219 584 ¹)
2251 503 2339 564 ad
2370 499 2697 565 Senatum
2718 499 2983 562 Roma-

804 637 964 679 num
1020 618 1366 681 arbitrium
1426 619 1814 681 detulerunt
1850 618 1925 700 2);
1988 618 2310 710 Romani·
2351 627 2577 680 autem
2623 614 2985 696 superbius

803 752 1079 795 munere
1156 732 1368 796 functi
1435 734 1696 815 aliquot
1762 755 1801 796 e
1873 734 2382 817 magistratibus
2449 706 2981 814 Saguntinorum

804 849 917 910 vel
979 870 1019 911 e
1083 849 1244 911 viris
1303 850 1733 912 nobilissimis
1791 850 2015 931 capite
2062 851 2550 913 damnaverunt
2588 847 2649 929 ³).
2739 846 2983 926 Itaque

803 974 1069 1028 constat
1086 1012 1100 1039 ,
1148 965 1243 1027 ait
1288 964 1652 1048 Polybius,
1707 964 2124 1049 Saguntinos
2169 966 2304 1028 iam
2348 975 2492 1028 tum
2530 964 2600 1026 in
2628 962 2987 1027 Romano-

801 1099 951 1142 rum
1015 1078 1222 1143 fidem
1294 1090 1365 1143 et
1430 1082 1830 1145 societatem
1892 1102 2042 1145 esse
2107 1090 2459 1163 acceptoS‚
2503 1100 2728 1161 neque
2776 1080 2861 1141 de
2907 1097 2988 1139 re

801 1195 1092 1258 dubitari
1153 1204 1381 1276 potest
1397 1245 1412 1269 ‚
1478 1198 1797 1279 quoniam
1859 1195 2000 1282 z'p5i
2053 1194 2650 1281 Carthaginienses
2695 1215 2838 1258 eam
2886 1190 2989 1255 z'ta

786 1311 1059 1396 factam
1108 1332 1247 1374 esse
1292 1312 1660 1376 concedunt
1693 1313 1754 1393 4).
1820 1313 2119 1377 Accedit
2164 1315 2347 1395 quod
2393 1315 2479 1376 de
2525 1311 2774 1394 legatis
2815 1329 2994 1391 quos

801 1428 1056 1509 primos
1101 1429 1191 1490 ad
1235 1427 1695 1494 Hannibalem
1724 1430 2049 1494 miserunt
2077 1430 2397 1503 Romani,
2424 1428 2752 1511 Polybius
2774 1426 2991 1507 longe

802 1543 1000 1606 aliter
1045 1544 1326 1625 exponit
1373 1565 1578 1626 quam
1626 1546 1836 1609 ceteri
1882 1546 2263 1627 scriptores,
2334 1544 2458 1610 Ait
2504 1544 2683 1607 enim
2727 1541 2991 1604 Hanni-

801 1659 1031 1723 balem
1102 1680 1258 1723 cum
1331 1658 1807 1744 Carthagenae
1877 1663 2164 1744 degeret
2231 1681 2351 1724 eos
2419 1661 2509 1722 ad
2570 1657 2995 1739 colloquium

801 1776 1150 1839 admisisse
1168 1825 1183 1853 ‚
1253 1787 1323 1840 et
1393 1798 1546 1840 cum
1609 1798 1735 1859 pro
1801 1776 2196 1862 Saguntinis
2258 1778 2472 1840 verba
2525 1776 2828 1840 facerent
2843 1823 2858 1848 ,
2907 1773 2998 1835 iis

806 1893 1275 1956 crudelitatem
1346 1895 1868 1977 exprobravisse
1886 1943 1900 1969 ‚
1969 1915 2105 1977 qua
2179 1902 2381 1957 antea
2441 1891 2744 1955 Romani
2803 1889 2997 1952 viros

801 2008 954 2070 illos
1015 2008 1279 2072 nobiles
1341 2010 1773 2074 necavissent
1810 2010 1886 2092 5);
1949 2011 2221 2092 legatos
2283 2010 2439 2072 inde
2503 2006 2999 2089 Carthaginem

800 2123 930 2186 iter
994 2123 1236 2187 fecisse
1255 2173 1269 2200 ,
1339 2125 1567 2206 ibique
1628 2125 1880 2209 Boenis
1935 2126 2192 2189 bellum
2249 2124 2574 2188 indixisse
2590 2172 2604 2200 ,
2653 2144 2807 2187 cum
2852 2120 2995 2204 pri-

801 2260 983 2302 mum
1048 2238 1217 2303 fines
1285 2238 1817 2324 Saguntinorum
1882 2242 2188 2305 exercitu
2249 2240 2546 2304 invasuri
2606 2238 2891 2311 fuissent
2925 2235 2999 2316 ⁸).

802 2355 1035 2419 Livius
1110 2357 1319 2419 tradit
1393 2358 1500 2419 his
1568 2359 1820 2441 legatis
1889 2358 1977 2442 <V
1978 2359 2189 2421 alerio
2258 2358 2511 2421 Flacco
2582 2366 2653 2419 et
2719 2353 3001 2418 Baebio

801 2472 1164 2554 Tamphilo
1185 2522 1200 2548 ‚
1264 2473 1468 2537 XXI.
1535 2495 1589 2537 c,
1657 2475 1719 2557 6)
1783 2495 1937 2538 cum
1984 2477 2074 2538 ad
2118 2495 2306 2539 oram
2352 2473 2727 2555 Hispaniae
2775 2490 3000 2554 appu-

800 2587 1036 2651 lissent
1099 2589 1375 2651 obviam
1434 2591 1522 2652 ad
1578 2611 1766 2655 mare
1814 2591 2054 2654 missos
2101 2612 2252 2654 esse
2298 2592 2387 2653 ab
2434 2588 2824 2652 Hannibale
2873 2586 3000 2668 qui

801 2704 1106 2795 dicerent
1165 2725 1294 2768 nec
1355 2714 1503 2768 tuto
1566 2726 1684 2768 eos
1747 2707 2044 2769 adituros
2109 2727 2259 2770 esse
2305 2727 2433 2770 nec
2478 2703 2875 2786 imperatori
2920 2701 3003 2763 in

800 2828 990 2882 tanto
1059 2820 1442 2883 discrimine
1507 2841 1735 2884 rerum
1798 2842 2047 2904 operae
2110 2843 2259 2886 esse
2321 2822 2707 2905 legationes
2755 2817 3003 2882 audire

800 2934 876 3016 (e.
940 2934 1016 3014 9).
1108 2933 1468 3016 Appianus
1532 2937 1740 3002 tradit
1794 2937 1999 3000 etiam
2045 2938 2505 3000 Hannibalem
2550 2936 2803 3018 legatis
2850 2933 3000 2997 col-

801 3049 1122 3130 loquendi
1192 3060 1606 3130 potestatem
1673 3073 1811 3115 non
1877 3052 2118 3116 fecisse
2179 3054 2359 3135 (Iber
2422 3075 2477 3116 e.
2553 3074 2574 3113 1
2599 3052 2669 3135 1).
2732 3088 2816 3095 -—
2882 3049 3004 3112 De

801 3165 1006 3227 rebus
1052 3174 1254 3228 antea
1300 3167 1514 3248 gestis
1561 3178 1848 3249 uterque
1895 3169 2326 3232 traditionem
2373 3170 2767 3232 Romanam
2814 3166 2963 3230 edit
2986 3214 3002 3240 ‚

803 3290 874 3344 et
940 3280 1116 3343 hanc
1187 3281 1461 3362 quidem
1521 3281 1912 3365 Appianus:
1978 3284 2327 3348 Hannibal
2390 3284 2807 3373 Torboletos
2824 3330 2841 3356 ‚
2907 3283 3004 3344 ab

800 3396 951 3477 ipso
1014 3406 1249 3460 contra
1292 3395 1681 3480 Saguntum
1730 3401 2063 3466 excitatos
2080 3451 2095 3477 ,
2141 3403 2415 3484 legatos
2461 3403 2551 3464 ad
2598 3421 2673 3464 se
2720 3399 3003 3462 mittere

801 3511 992 3574 iubet
1007 3560 1021 3586 ‚
1108 3521 1180 3574 et
1261 3513 1681 3595 legationem
1760 3513 2211 3599 Saguntinam
2280 3512 2597 3591 arcessit;
2667 3526 3005 3596 utrosque

892 3743 933 3826 ¹)
974 3747 1082 3805 ῙΠ.
1143 3764 1219 3822 30
1276 3754 1304 3818 ἓ
1365 3768 1389 3804 1
1453 3754 1720 3825 ,,πλείοσιν
1781 3754 1940 3813 ἔτεσιν
1997 3758 2093 3818 ἤδη
2150 3759 2393 3833 πρότερον
2442 3765 2543 3812 τῶν
2593 3750 2706 3813 κατ’
2760 3751 3016 3832 ’Δννίβου

800 3858 1009 3923 καιρῶν.
1095 3844 1212 3903 Sed
1254 3864 1306 3903 e.
1356 3863 1424 3922 15
1469 3853 1497 3917 ἓ
1544 3863 1573 3921 7
1621 3859 1860 3927 ,,μικροῖς
1895 3851 2187 3931 ἔμπροσθεν
2227 3851 2497 3933 χρόνοις”.

883 3941 933 4023 2)
975 3944 1084 4001 III.
1133 3961 1201 4020 15
1248 3950 1275 4014 §
1320 3959 1380 4017 73
1425 3964 1476 4002 c.
1522 3964 1598 4024 3o
1640 3953 1668 4017 ἓ
1717 3966 1766 4004 1.

886 4039 934 4122 3)
975 4043 1079 4099 III.
1133 4060 1202 4119 15
1248 4048 1275 4112 §
1322 4060 1385 4118 7:
1431 4048 1605 4106 διότι.
1630 4094 1641 4104 .
1667 4091 1680 4105 .
1722 4050 2046 4107 ἐπανέλοιντὸ
2083 4073 2225 4116 τινας
2260 4059 2361 4107 τῶν
2398 4055 2760 4127 προεστώτων.

883 4137 936 4219 4)
974 4141 1083 4198 111.
1129 4159 1204 4217 30
1245 4148 1273 4212 ἓ
1317 4161 1372 4200 2.
2023 4138 2031 4145 ’

886 4235 937 4317 ⁵)
977 4240 1084 4297 ΠΙ.
1127 4258 1178 4298 e.
1229 4257 1297 4316 15
1343 4247 1371 4311 ς)
1413 4242 1590 4313 4-6.

890 4334 939 4414 ⁶)
982 4339 1085 4394 III.
1131 4358 1183 4396 e.
1229 4358 1303 4395 20
1346 4346 1374 4409 ξ
1418 4359 1469 4396 2.
