3375 5084
1803 322 1925 363 120

774 482 959 573 quod
1020 492 1253 575 magni
1312 494 1636 556 momenti
1683 503 1829 556 erat
1845 542 1859 569 ,
1907 494 2296 557 seditiosam
2341 495 2617 576 plebem
2664 493 2957 575 Campa-

769 609 922 671 niae
970 610 1202 692 oppidi
1247 630 1642 692 oppressam
1686 620 2061 674 tenuerunt.
2154 609 2296 675 Sed
2342 612 2432 673 ob
2477 611 2603 673 has
2646 631 2917 693 pugnas
2937 659 2955 685 ,

770 745 940 806 quas
987 725 1191 788 etiam
1236 725 1565 808 Polybius
1609 736 1943 789 memorat
1987 726 2136 808 (IX.
2185 748 2220 805 3
2273 731 2302 803 ἓ
2352 731 2425 789 6:
2457 726 2777 805 Ῥωμαῖοι
2812 725 2955 790 οὐτ’

768 846 964 905 εἴκειν
1014 837 1140 903 οἷοί
1189 839 1245 905 τ’
1296 838 1459 923 ἦσαν
1508 842 1733 924 (immo
1779 863 1943 905 vero
1990 843 2362 926 legendum
2409 837 2535 906 οἷοι
2584 839 2771 925 ἦσαν)
2812 841 2955 906 οὔτ’

769 961 1068 1041 ἐκχωρεῖν
1133 958 1201 1019 ἐκ
1267 959 1396 1019 τῶκ
1457 957 1887 1041 ὑπαιθρίων),
1949 957 2295 1020 Hannibal
2356 958 2575 1021 victus
2622 978 2772 1020 esse
2820 957 2959 1021 dici

769 1093 906 1135 non
949 1082 1177 1154 potest
1193 1120 1207 1147 ,
1252 1092 1389 1135 non
1435 1072 1656 1155 magis
1704 1094 1908 1155 quam
1955 1075 2044 1135 ob
2077 1073 2246 1136 alias
2276 1093 2385 1136 res
2416 1073 2637 1137 minus
2667 1072 2961 1136 feliciter

768 1199 1001 1271 gestas
1070 1209 1238 1270 quas
1307 1190 1512 1252 tradit
1571 1189 1805 1253 Livius
1865 1190 1969 1253 his
2029 1190 2232 1252 locis:
2295 1189 2571 1253 XXIV.
2639 1210 2695 1254 e.
2751 1213 2773 1251 1
2791 1210 2846 1270 7.
2892 1210 2956 1252 a.

771 1326 803 1366 2
821 1326 843 1366 1
860 1327 899 1382 4
960 1304 1345 1387 (Marcellus
1405 1306 1494 1367 ad
1555 1304 1806 1368 Nolam
1853 1305 2193 1386 equitibus
2238 1305 2626 1389 praemissis
2673 1305 2786 1387 qui
2832 1326 2956 1388 ag-

768 1420 931 1482 mini
973 1419 1268 1482 hostium
1309 1441 1352 1482 a
1396 1430 1594 1503 tergo
1641 1441 1716 1483 se
1763 1420 2115 1486 obicerent
2131 1469 2145 1496 ,
2192 1421 2527 1502 praelium
2574 1441 2731 1484 cum
2762 1420 2956 1485 Han-

767 1535 993 1598 nibale
1071 1536 1457 1612 committit,
1534 1537 1657 1599 sed
1734 1556 1888 1600 cum
1964 1537 2228 1619 equites
2294 1558 2430 1599 non
2500 1538 2818 1600 adessent
2884 1538 2958 1600 in

773 1661 1080 1734 tempore
1099 1700 1113 1727 ,
1175 1651 1316 1715 fere
1370 1672 1590 1734 aequo
1637 1662 1853 1716 marte
1897 1662 2278 1736 pugnatum
2325 1662 2429 1716 est
2448 1702 2462 1728 ‚
2511 1673 2922 1735 quamquam
2941 1701 2957 1728 ,

774 1767 869 1830 ait
928 1767 1160 1830 Livius
1176 1816 1190 1842 ‚
1237 1768 1543 1849 superior
1586 1768 1864 1850 quidem
1908 1768 2094 1831 haud
2138 1768 2342 1831 dubie
2387 1769 2746 1831 Romanus
2793 1778 2958 1832 erat.

780 1882 983 1958 „Plus
1028 1892 1257 1946 tamen
1307 1905 1477 1946 2000
1524 1883 1820 1947 hostium
1867 1905 1951 1947 eo
1999 1885 2110 1948 die
2157 1905 2360 1949 caesa
2403 1886 2784 1960 traduntur,
2809 1885 2958 1949 Ro-

774 2000 990 2071 manis
1053 2000 1272 2063 minus
1334 2000 1504 2081 400.)
1564 1999 1736 2063 Ibid.
1798 2021 1854 2064 c.
1927 2023 2002 2082 19
2055 2022 2125 2068 a.
2193 2022 2319 2079 214
2366 2001 2756 2084 (Marcellus
2801 2023 2959 2064 cum

773 2114 989 2177 Fabio
1038 2115 1407 2179 Casilinum
1455 2117 1774 2180 obsidens
1819 2137 1944 2198 per
1987 2116 2295 2180 fraudem
2340 2119 2579 2180 urbem
2626 2118 2809 2199 capit
2826 2167 2840 2193 ,
2886 2128 2963 2182 et

779 2250 904 2310 700
965 2231 1212 2295 milites
1271 2232 1673 2295 Hannibalis
1693 2281 1707 2308 ,
1770 2233 2181 2314 praesidium
2235 2233 2568 2297 Punicum
2585 2283 2599 2309 ‚
2645 2235 2958 2315 captivos

773 2347 1072 2410 Romam
1119 2348 1361 2430 mittit).
1436 2348 1718 2412 Etiamsi
1762 2350 1935 2413 haec
1983 2350 2388 2414 detrimenta
2433 2370 2674 2413 revera
2717 2371 2959 2432 passus

774 2473 879 2526 est
945 2463 1323 2539 Hannibal,
1395 2466 1577 2546 quod
1646 2465 1963 2546 equidem
2029 2486 2287 2548 negare
2349 2466 2560 2528 nolim
2577 2515 2591 2540 ‚
2660 2466 2957 2549 Polybio

772 2578 943 2643 fides
1013 2600 1162 2643 esse
1232 2588 1491 2662 potest3
1561 2601 1786 2662 neque
1857 2601 2011 2644 cum
2081 2582 2161 2644 iis
2231 2582 2609 2662 comparari
2674 2592 2962 2663 possunt

775 2715 1026 2777 graves
1086 2697 1326 2759 'clades
1388 2717 1557 2778 quas
1618 2719 1676 2760 a.
1746 2719 1777 2758 2
1794 2720 1816 2758 1
1834 2718 1865 2759 2
1933 2698 2289 2762 Romanos
2350 2699 2696 2780 accepisse
2751 2698 2962 2762 tradit

776 2810 1010 2873 Livius
1072 2811 1332 2894 (XXV.
1382 2833 1436 2875 c.
1493 2835 1514 2874 1
1532 2834 1569 2892 9
1617 2813 1713 2875 M.
1761 2811 2069 2876 Centenii
2114 2813 2415 2876 Penulae
2463 2814 2732 2896 copiae,
2780 2820 2959 2876 8000

779 2926 1282 3002 Romanorum,
1344 2929 1432 3011 ab
1488 2927 1877 2991 Hannibale
1924 2928 2226 3004 deletae;
2274 2950 2330 2992 c.
2381 2950 2412 2991 2
2432 2952 2453 2991 1
2512 2928 2629 2993 Cn.
2675 2929 2960 2992 Fulvius

780 3051 1056 3123 praetor
1099 3043 1209 3106 cui
1264 3067 1285 3105 1
1301 3049 1475 3106 8000
1520 3044 1810 3107 militum
1858 3054 2048 3107 erant
2077 3045 2146 3107 in
2176 3043 2434 3126 Apulia
2459 3047 2546 3107 ab
2571 3045 2959 3108 Hannibale

784 3156 1044 3220 occisus
1091 3168 1162 3220 et
1216 3165 1426 3222 16000
1470 3160 1678 3223 Rom.
1727 3181 1930 3223 caesa
1972 3161 2087 3224 vel
2134 3169 2365 3242 capta;
2413 3162 2565 3224 add.
2612 3161 2851 3224 XXV.
2899 3182 2957 3225 e.

790 3294 812 3333 1
827 3272 904 3353 8).
994 3273 1232 3355 Neque
1292 3276 1515 3358 magis
1577 3297 1732 3339 cum
1794 3276 2088 3359 Polybio
2149 3287 2458 3360 pugnant
2511 3298 2682 3360 quos
2725 3277 2961 3340 Livius

779 3389 985 3453 tradit
1028 3390 1197 3453 varii
1243 3392 1408 3454 belli
1460 3413 1656 3455 casus
1704 3395 1790 3455 ab
1836 3393 2172 3455 Hannone
2220 3414 2374 3456 cum
2420 3393 2725 3457 exercitu
2770 3394 2954 3456 Itali-

780 3524 1015 3567 corum
1075 3508 1356 3571 sustenti
1418 3507 1692 3571 XXIV.
1757 3529 1811 3571 c.
1890 3514 1966 3571 16
2015 3529 2073 3571 a.
2125 3529 2156 3570 2
2175 3530 2252 3587 14
2298 3510 2516 3591 (gravi
2561 3511 2757 3573 clade
2802 3530 2960 3572 eum

781 3618 1022 3702 affligit
1068 3619 1470 3705 Gracchus);
1517 3624 1677 3686 ibid.
1726 3645 1780 3687 c.
1833 3646 1915 3686 20
1963 3645 2020 3686 a.
2072 3645 2104 3685 2
2123 3646 2198 3702 14
2232 3625 2574 3707 (magnam
2604 3625 2960 3688 victoriam

667 3799 672 3803 .
779 3737 868 3798 ab
938 3737 1181 3799 eodem
1249 3737 1505 3821 refert);
1573 3738 1814 3802 XXV.
1886 3760 1941 3802 e.
2013 3762 2089 3817 14
2152 3760 2210 3802 a.
2279 3760 2310 3801 2
2329 3760 2399 3802 12
2467 3740 2542 3823 <F
2543 3740 2767 3803 ulvius
2812 3741 2960 3803 eius

782 3860 1004 3915 castra
1071 3852 1464 3936 oppugnat).
1573 3852 1715 3918 Sed
1784 3875 1873 3917 ex
1939 3855 2021 3917 iis
2091 3856 2356 3918 ostendi
2422 3864 2652 3937 potest
2668 3905 2682 3931 ,
2752 3876 2958 3938 quam

775 4151 1016 4192 nensem
1069 4131 1228 4192 illam
1278 4132 1675 4194 calamitatem
1694 4181 1709 4209 ,
1754 4133 2012 4212 primum
2053 4132 2318 4194 Marcelli
2360 4133 2440 4193 ad
2481 4136 2695 4194 Nolam
2736 4132 2960 4211 praelio

775 4232 1029 4307 populus
1084 4251 1146 4291 se
1200 4234 1508 4323 Romanus
1559 4232 1744 4293 erexit
1760 4281 1774 4308 ‚
1818 4244 2144 4311 posteaque
2184 4252 2504 4311 prosperae
2546 4252 2639 4293 res
2678 4231 2964 4310 deinceps

775 4330 995 4389 multae
1038 4341 1388 4392 consecutae
1430 4342 1603 4395 sunt.
1632 4379 1644 4392 .
1670 4335 1746 4394 .'-’.
