3375 5084
1839 354 1919 415 42

877 529 1161 592 Praeter
1204 530 1376 591 haec
1422 550 1549 592 sex
1592 529 2009 610 reipublicae
2054 549 2313 611 genera
2357 529 2562 591 etiam
2601 530 2968 611 septimum

790 665 1008 727 genus
1083 646 1394 728 agnoscit
1468 646 1800 727 Polybius
1874 665 2093 727 genus
2167 645 2456 708 mixtum
2473 694 2487 720 ,
2564 646 2751 708 cuius
2831 647 2969 708 duo

789 761 1108 842 exempla
1138 762 1507 823 extiterunt
1530 761 1946 842 reipublicae
1970 760 2513 824 Lacedaemonia
2537 770 2607 824 et
2628 761 2966 824 Romana.

786 877 1035 958 Remp.
1082 876 1240 939 Lae.
1289 887 1599 940 constare
1646 898 1686 939 e
1733 877 1947 940 tribus
1994 877 2285 941 civitatis
2330 878 2696 959 generibus
2737 878 2970 940 mixtis

785 992 920 1054 iam
967 993 1161 1055 multi
1206 993 1568 1074 scriptores
1613 1002 1772 1055 ante
1818 993 2184 1075 Polybium
2228 993 2809 1073 praedicaverunt.
2896 991 2969 1054 A

787 1108 1076 1172 Platone
1122 1108 1450 1190 Polybius
1494 1109 1670 1171 hanc
1718 1109 2123 1172 sententiam
2168 1128 2303 1171 non
2348 1109 2710 1190 sumpsisse
2759 1128 2966 1190 appa-

786 1233 922 1299 ret;
993 1224 1195 1286 Plato
1258 1225 1434 1287 enim
1453 1274 1467 1300 ,
1530 1244 1940 1306 quamquam
1999 1224 2221 1287 varias
2282 1224 2695 1305 reipublicae
2755 1223 2967 1286 Lace-

789 1340 1186 1403 daemoniae
1230 1351 1461 1420 partes
1506 1342 1602 1403 ita
1645 1350 1987 1422 potestate
2036 1342 2328 1423 quadam
2370 1340 2732 1403 instructas
2761 1338 2990 1402 fuisse.

789 1456 884 1518 ait
900 1505 914 1530 ‚
961 1465 1038 1518 ut
1084 1457 1363 1542 egregie
1410 1457 1844 1519 concinerent
1875 1453 1918 1538 1)
1938 1506 1952 1532 ,
1999 1478 2211 1539 seque
2259 1456 2567 1519 dubitare
2614 1454 2970 1518 confitetur

789 1572 1106 1653 quidnam
1175 1592 1393 1654 genus
1459 1572 1877 1653 reipublicae
1946 1593 2119 1654 resp.
2188 1571 2346 1635 Lac.
2412 1572 2700 1634 dicenda
2759 1572 2847 1634 sit
2888 1570 2936 1652 2)
2954 1620 2968 1645 ,

787 1696 1014 1749 tamen
1104 1708 1324 1770 neque
1409 1687 1732 1771 Lycurgo
1806 1688 1984 1751 hanc
2058 1689 2331 1751 laudem
2406 1688 2640 1750 tribuit
2656 1736 2670 1762 ,
2746 1707 2968 1769 neque

789 1804 1032 1865 eodem
1094 1806 1297 1867 modo
1358 1823 1493 1885 quo
1538 1804 1867 1886 Polybius
1914 1806 2000 1867 de
2047 1826 2132 1868 ea
2176 1804 2445 1867 iudicat.
2536 1803 2738 1866 Plato
2785 1803 2965 1865 enim

790 1928 859 1981 et
933 1920 1356 2001 tyrannidem
1431 1929 1713 2001 propter
1788 1922 2080 2001 ephoros
2098 1969 2112 1995 ,
2192 1929 2261 1983 et
2337 1919 2821 1982 democratiam
2895 1927 2968 1980 et

786 2034 1275 2097 aristocratiam
1340 2045 1409 2098 et
1469 2055 1759 2118 regnum
1816 2056 1969 2098 eam
2024 2036 2153 2098 sibi
2199 2035 2415 2098 videri
2461 2035 2588 2109 ait;
2636 2034 2967 2116 Polybius

786 2146 922 2212 tria
968 2151 1383 2231 reipublicae
1430 2172 1690 2234 genera
1734 2153 1803 2214 in
1850 2172 1933 2214 ea
1980 2152 2320 2234 agnoscit,
2368 2171 2655 2233 regnum
2674 2199 2687 2225 ,
2733 2150 2966 2212 aristo-

790 2266 1068 2328 cratiam
1085 2315 1100 2341 ‚
1171 2267 1669 2330 democratiam.
1778 2266 1977 2329 Hanc
2046 2267 2581 2330 moderationem
2640 2266 2968 2348 Polybius

788 2382 1022 2445 tribuit
1081 2381 1436 2466 Lycurgo;
1499 2383 1681 2446 idem
1746 2383 2014 2464 scripsit
2072 2382 2479 2446 Plutarchus
2519 2380 2593 2463 ³);
2649 2391 2724 2444 ut
2769 2401 2971 2462 supra

790 2498 965 2572 dixi,
1014 2498 1277 2581 utrique
1325 2509 1671 2563 auctorem
1718 2499 1924 2562 fuisse
1971 2498 2319 2580 Ephorum
2367 2517 2612 2562 censeo
2653 2496 2715 2579 ⁴).

877 2613 1070 2695 Quae
1127 2616 1212 2678 de
1258 2617 1461 2679 rebus
1508 2614 1861 2698 Spartanis
1907 2616 2175 2696 scripsit
2217 2614 2630 2678 Aristoteles
2649 2664 2663 2689 ‚
2711 2633 2966 2696 magna

728 2738 731 2741 ’
786 2752 878 2793 ex
936 2741 1130 2812 parte
1192 2733 1280 2793 ab
1346 2733 1589 2795 eodem
1647 2731 1925 2813 Ephoro
1974 2732 2237 2806 didicit;
2284 2730 2695 2794 Aristoteles
2741 2739 2971 2792 autern

789 2846 994 2908 etiam
1060 2846 1185 2908 has
1252 2856 1480 2927 partes
1551 2847 1620 2908 in
1685 2866 1824 2927 rep.
1887 2846 2046 2909 Lac.
2109 2847 2329 2909 inesse
2390 2846 2626 2911 statuit
2692 2845 2969 2908 easdem

788 2981 955 3042 quas
1018 2961 1347 3042 Polybius
1398 2982 1686 3044 regnum
1707 3010 1721 3037 ‚
1770 2963 2085 3037 aristocr.‚
2133 2964 2459 3037 democr.;
2508 2963 2676 3024 duas
2725 2963 2853 3024 hac
2899 2961 2971 3022 in

877 3178 916 3259 ¹)
959 3179 1041 3237 Pl.
1088 3182 1265 3257 Legg.
1312 3181 1420 3238 ΠΙ.
1464 3199 1520 3256 p.
1569 3183 1679 3257 691
1729 3182 1801 3238 E.
1840 3214 1917 3223 —
1962 3183 2076 3257 692
2122 3182 2187 3238 B.

865 3276 915 3358 2)
956 3278 1042 3336 Pl.
1086 3280 1266 3355 Legg.
1314 3280 1418 3337 IV.
1469 3296 1581 3354 712
1628 3280 1707 3336 D.
1751 3298 1834 3355 sq.

870 3375 917 3457 3)
958 3377 1109 3438 Plut.
1161 3379 1304 3453 Lyc.
1364 3397 1415 3436 c.
1466 3395 1532 3454 7:
1578 3385 1711 3438 οὕτω
1750 3381 1808 3438 τὸ
1844 3384 2128 3458 πολίτευμα
2163 3389 2280 3439 τοῦ
2323 3385 2710 3458 Λυκούργου
2747 3384 2979 3458 μίξαν-

782 3504 884 3544 τΟς
919 3511 1001 3520 -“
1042 3511 1140 3536 —0

865 3573 917 3655 4)
972 3576 1108 3635 Non
1166 3594 1263 3634 me
1304 3574 1454 3653 fugit
1495 3594 1677 3653 sagax
1721 3573 2067 3635 coniectura
2109 3573 2366 3648 Osanni,
2412 3593 2530 3652 qua
2570 3572 2775 3633 statuit
2805 3575 2978 3652 Poly-

788 3672 953 3732 bium
1013 3672 1074 3731 in
1135 3672 1227 3732 his
1287 3684 1557 3733 secutum
1620 3692 1746 3733 esse
1801 3683 2107 3734 auctorem
2164 3670 2615 3732 Dicaearchum.
2712 3675 2769 3731 Is
2818 3672 2978 3732 enim

788 3772 1022 3850 scripsit
1074 3772 1290 3833 librum
1349 3773 1699 3851 inscriptum
1754 3779 2097 3854 τριπολιτικός
2150 3770 2389 3852 (Athen.
2448 3773 2551 3830 IV.
2610 3792 2668 3849 p.
2731 3792 2838 3846 141
2887 3774 2943 3830 A
2961 3795 2980 3846 3

786 3871 910 3932 Cic.
969 3873 1048 3932 ad
1105 3875 1232 3932 Att.
1281 3875 1389 3932 III.
1443 3872 1579 3951 32),
1624 3892 1744 3950 quo
1787 3872 1906 3951 egit
1948 3874 2024 3932 de
2064 3873 2241 3931 rebus
2282 3870 2610 3949 Spartanis,
2657 3881 2747 3944 et,
2791 3880 2858 3929 ut
2896 3870 2982 3929 vi-

782 3971 955 4032 detur
972 4019 986 4047 ,
1031 3973 1107 4032 de
1148 3971 1555 4032 moderatione
1597 3971 1778 4031 trium
1821 3971 1966 4047 reip.
2012 3989 2311 4048 generum.
2389 3968 2619 4050 (Osann
2636 4016 2650 4043 ,
2697 3968 2875 4030 Beitr.
2921 3991 2973 4030 z.

783 4071 888 4131 Gr.
954 4092 1009 4131 u,
1074 4073 1247 4131 Rom.
1312 4071 1423 4129 litt.
1483 4071 1700 4130 Gesch.
1761 4072 1836 4129 ΙΙ.
1891 4068 1964 4150 1).
2048 4071 2202 4129 Eum
2246 4068 2307 4128 in
2349 4071 2525 4130 rebus
2567 4067 2979 4147 geographicis

787 4152 1060 4229 refutavit
1107 4170 1232 4229 Pol.
1275 4171 1537 4228 XXXIV
1579 4187 1633 4228 c.
1680 4186 1748 4246 53
1792 4187 1844 4228 c.
1892 4171 1959 4242 63
2004 4187 2038 4227 c
2063 4172 2073 4182 “
2103 4186 2152 4244 9.
2239 4168 2353 4227 Sed
2394 4187 2532 4227 cum
2575 4166 2722 4244 quid
2765 4165 2978 4228 Dicae-

783 4270 996 4328 archus
1045 4269 1121 4328 de
1163 4288 1267 4345 rep
1331 4269 1622 4346 Spartana
1664 4264 1976 4343 scripserit·
2000 4265 2270 4344 ignotum
2313 4265 2385 4325 sit
2428 4265 2604 4325 etiam
2647 4267 2796 4327 haec
2837 4286 2979 4326 con-

782 4366 1021 4441 iectura·
1047 4365 1217 4425 nimis
1258 4367 1483 4426 incerta
1526 4364 1667 4424 mihi
1710 4364 1963 4426 videtur.
