3375 5084
1882 330 1960 404 78

916 519 1184 581 Deinde
1230 517 1588 580 Michaelis
1635 518 1984 580 contendit
2028 518 2398 600 Polybium
2443 520 2779 598 quaedam
2816 518 3019 580 nimis

823 637 1017 698 brevi
1081 636 1478 717 exposuisse
1541 635 1766 697 studio
1827 634 2299 697 Romanorum
2353 636 2661 709 ductum;
2709 636 3017 716 inprimis

825 753 894 814 in
954 752 1144 815 initio
1203 752 1370 814 belli
1434 771 1590 813 eum
1650 748 2005 831 perfidiam
2060 761 2129 813 et
2174 750 2709 813 machinationes
2752 751 3017 813 Roma-

827 887 1066 930 norum
1111 867 1380 929 silentio
1426 876 1684 948 tegere.
1755 865 1865 928 De
1895 866 2232 929 brevitate
2265 867 2595 929 assentior
2611 916 2624 940 ,
2663 868 2749 929 de
2789 867 3019 929 studio

826 982 1297 1046 Romanorum
1345 982 1574 1063 iniquo
1619 1002 1756 1044 non
1800 983 1982 1045 item.
2077 980 2323 1045 Omnia
2367 992 2680 1064 repetere
2726 983 3016 1064 longum

825 1108 946 1162 est.
1016 1098 1376 1160 Michaelis
1419 1117 1484 1179 p.
1537 1117 1617 1175 53
1668 1118 1709 1160 e
1755 1096 2014 1161 Zonara
2061 1107 2130 1161 et
2175 1097 2403 1161 Dione
2451 1097 2683 1161 Cassio
2716 1098 3014 1180 colligit,

827 1214 899 1279 C.
948 1213 1306 1277 Claudium
1351 1213 1699 1276 tribunum
1745 1213 1881 1276 mil.
1898 1262 1913 1288 ‚
1962 1234 2117 1276 cum
2162 1214 2297 1276 iam
2342 1213 2594 1277 Hanno
2640 1235 2795 1277 cum
2824 1214 3018 1276 mille

824 1330 1074 1392 Poenis
1136 1331 1377 1392 urbem
1438 1328 1827 1392 Messanam
1884 1341 2287 1410 occupasset
2306 1379 2320 1405 ,
2367 1330 2588 1393 solum
2633 1331 3019 1393 traduxisse

823 1446 1071 1509 fretum
1135 1457 1205 1509 et
1265 1445 1711 1508 Mamertinos
1773 1465 1897 1526 spe
1958 1445 2192 1508 auxilii
2252 1447 2553 1509 Romani
2598 1447 2984 1509 incitavisse
3003 1495 3020 1521 ,

829 1582 1124 1643 eumque
1183 1562 1408 1643 ipsum
1474 1562 1901 1643 cognationis
1968 1572 2405 1644 praetextum
2476 1564 2981 1645 excogitavisse
3003 1612 3020 1638 ,

830 1700 966 1761 quo
1013 1679 1486 1742 Romanorum
1533 1678 1975 1741 ambitionem
2024 1680 2297 1742 celaret.
2371 1677 2513 1743 Sed
2557 1678 2848 1742 Zonaras
2881 1679 3027 1741 iam

828 1795 1064 1878 paullo
1113 1805 1269 1857 ante
1316 1793 1525 1877 (VIII.
1576 1815 1630 1856 e.
1680 1793 1741 1875 8)
1787 1795 2066 1858 tradidit
2112 1795 2557 1858 Mamertinos
2602 1796 2930 1858 auxilium
2977 1816 3027 1873 a

830 1910 1164 1974 Romanis
1208 1910 1533 1991 petivisse
1579 1905 1685 1975 οἷά
1727 1931 1901 1992 σφισι
1952 1891 2414 1993 προςήκονταςζ
2459 1911 2729 1973 Deinde
2753 1910 3028 1973 etiamsi

831 2047 1069 2090 verum
1115 2035 1246 2101 est,
1293 2026 1650 2089 Romanos
1698 2027 1920 2108 magis
1965 2036 2042 2089 ut
2088 2027 2339 2089 Poenis
2384 2028 2775 2090 resisterent
2810 2048 3029 2108 quam

829 2155 906 2207 ut
950 2142 1392 2205 Mamertinos
1438 2132 1842 2205 adiuvarent
1887 2144 2094 2205 rebus
2142 2141 2415 2206 Siciliae
2448 2165 2521 2206 se
2553 2144 3024 2219 immiscuisse,

832 2261 1077 2322 eodem
1122 2259 1356 2333 modO,
1406 2260 1592 2340 quod
1640 2280 1678 2321 e
1726 2259 2033 2322 Diodoro
2083 2261 2462 2343 colligitur,
2508 2261 2725 2323 Poeni
2753 2240 3027 2343 (quibus

831 2389 978 2441 tum
1023 2377 1230 2440 etiam
1275 2378 1418 2439 dux
1464 2386 1610 2440 erat
1654 2376 2002 2439 Hannibal
2033 2397 2240 2458 quem
2271 2398 2436 2440 mox
2466 2377 2715 2439 Hanno
2744 2387 3027 2441 secutus

731 2512 736 2518 ’
833 2493 956 2575 est)
1018 2513 1172 2555 cum
1234 2494 1394 2555 dolo
1448 2492 1600 2574 regi
1647 2492 1936 2556 Hieroni
1979 2504 2460 2575 persuaserunt
2505 2503 2582 2555 ut
2627 2493 3029 2556 Messanam

829 2611 1241 2691 relinqueret
1309 2619 1380 2671 et
1447 2609 1575 2689 ipsi
1643 2609 1828 2670 mille
1891 2609 2142 2671 milites
2159 2658 2173 2684 ,
2237 2629 2408 2692 quos
2468 2610 2620 2671 urbi
2679 2609 3028 2690 praesidio

831 2727 974 2790 fore
1020 2727 1430 2790 simulabant
1446 2775 1460 2801 ,
1507 2727 1576 2788 in
1622 2727 1866 2788 urbem
1898 2726 2334 2790 introducunt
2365 2727 2477 2808 (M.
2508 2747 2573 2809 p.
2608 2728 2730 2808 49).
2778 2727 3029 2806 Itaque

830 2844 1047 2906 Poeni
1115 2863 1250 2906 non
1318 2844 1535 2905 minus
1606 2863 1812 2923 quam
1879 2843 2182 2906 Romani
2250 2843 2536 2905 avaritia
2598 2844 2784 2905 ducti
2844 2853 3027 2907 sunt.

830 2958 1146 3039 Denique
1207 2957 1277 3021 C.
1337 2948 1659 3021 Claudius
1704 2959 1858 3021 trib.
1905 2959 2040 3022 mil.
2087 2959 2320 3040 paullo
2365 2969 2522 3041 post
2569 2960 2788 3022 classe
2835 2958 3026 3022 Mes-

832 3095 1066 3137 sanam
1110 3075 1468 3156 pervenire
1517 3087 1825 3151 conatur3
1874 3076 2090 3138 Poeni
2121 3077 2268 3139 eius
2300 3077 2587 3138 classem
2621 3077 3026 3138 adoriuntur

835 3201 905 3253 et
950 3190 1210 3271 aliquot
1253 3191 1562 3253 triremes
1609 3193 2075 3274 submergunt.
2147 3191 2347 3254 Hanc
2393 3212 2697 3274 pugnam
2743 3212 2946 3272 quam
2983 3212 3027 3254 e

832 3306 1141 3369 Diodoro
1199 3317 1268 3369 et
1313 3305 1572 3369 Zonara
1618 3308 2067 3390 cognovimus
2114 3308 2226 3390 (M.
2273 3328 2339 3388 p.
2389 3308 2494 3388 53)
2543 3308 2765 3370 omisit
2809 3308 3024 3388 Poly-

831 3424 1015 3497 bius;
1085 3424 1206 3485 sed
1269 3444 1359 3486 ex
1420 3443 1504 3485 ea
1567 3435 1855 3506 apparet
1919 3424 2186 3515 Poenos
2231 3425 2485 3505 primos
2532 3424 2790 3487 bellum
2834 3425 3026 3487 ince-

831 3538 1013 3620 pisse
1031 3588 1045 3613 ,
1123 3539 1350 3620 itaque
1429 3560 1582 3602 eam
1649 3540 1981 3622 Polybius
2049 3561 2187 3603 non
2254 3541 2478 3604 studio
2547 3541 3028 3603 Romanorum

835 3655 1078 3717 ductus
1125 3655 1368 3717 omisit.

925 3771 1005 3833 In
1059 3772 1334 3852 reliquis
1396 3770 1585 3834 annis
1629 3772 1798 3835 belli
1845 3773 1902 3834 si
1949 3773 2414 3854 componimus
2464 3794 2549 3836 ea
2593 3794 2766 3854 quae
2812 3773 3030 3856 Poly-

833 3885 985 3949 bius
1047 3888 1272 3950 omisit
1288 3936 1302 3962 ‚
1368 3897 1443 3949 ut
1504 3888 1864 3951 Michaelis
1926 3888 2089 3952 fecit
2105 3938 2119 3964 ,
2183 3890 2427 3971 cuique
2474 3890 2832 3971 apparebit
2877 3889 3028 3953 fere

834 4003 1121 4066 totidem
1181 4004 1568 4066 Poenorum
1628 4015 1834 4086 atque
1897 4006 2367 4068 Romanorum
2429 4006 2660 4069 clades
2689 4032 2693 4036 Α
2721 4007 2835 4068 vel
2882 4007 3029 4070 vic-

835 4120 1043 4182 torias
1104 4120 1194 4182 ab
1258 4140 1342 4182 eo
1390 4120 1671 4183 omissas
1720 4142 1887 4184 esse.
1981 4117 2203 4185 Studii
2250 4119 2461 4203 iniqui
2507 4121 2767 4184 nullum
2814 4123 3028 4185 vesti-

839 4235 1031 4316 gium
1107 4237 1318 4298 adest.
1434 4234 1615 4299 Sane
1683 4237 2016 4319 Polybius
2082 4257 2321 4318 parum
2390 4257 2591 4299 curae
2658 4237 2891 4319 posuit
2959 4239 3034 4300 in

836 4352 1224 4413 enarrandis
1272 4352 1581 4414 omnibus
1626 4352 1793 4414 belli
1838 4354 2173 4415 terrestris
2221 4354 2518 4428 casibuS,
2550 4352 2692 4415 fere
2722 4353 2791 4415 in
2814 4354 3028 4416 rebus
