3375 5084
1746 323 1867 385 252

711 500 828 581 qui
873 510 1249 564 statuerent
1293 500 1658 583 Polybium
1706 521 1861 564 cum
1907 503 1993 563 de
2039 501 2268 563 multis
2291 496 2517 563 'rebus
2564 501 2727 582 quid
2751 520 2899 562 sen-

709 615 867 678 tiret
928 616 1143 678 libere
1205 636 1550 698 exponere
1609 618 1827 680 nollet
1843 666 1858 693 ,
1918 618 2048 679 hac
2102 617 2460 680 occasione
2505 636 2704 679 usum
2750 635 2902 678 esse

710 740 786 793 ut
841 731 1161 794 iudicium
1219 752 1413 794 suum
1458 732 1779 814 proderet
1796 781 1811 807 ,
1856 742 1932 796 ut
1978 734 2366 796 ostenderet
2393 723 2574 814 'quid
2620 730 2902 796 Graecis

707 844 1089 909 faciendum
1148 847 1354 911 fuisse
1416 858 1728 911 censeret
1770 844 1824 929 ¹).
1916 848 2017 911 At
2060 848 2131 910 hi
2148 897 2162 922 ,
2210 869 2364 911 cum
2409 867 2706 930 magnae
2752 866 2897 909 ora-

706 963 967 1025 tionum
1044 965 1284 1045 copiae
1358 984 1400 1026 a
1474 964 1670 1027 Livio
1749 973 2170 1028 servatarum
2245 965 2502 1027 nullam
2569 964 2901 1026 rationem

707 1078 1039 1142 haberent
1057 1128 1072 1154 ,
1148 1089 1287 1142 tres
1360 1078 1503 1142 fere
1579 1101 1619 1142 e
1696 1079 2095 1163 fragmentis
2170 1079 2567 1161 Polybianis
2643 1078 2902 1140 electas

707 1195 1046 1257 orationes
1116 1193 1425 1258 sufficere
1493 1205 1871 1259 statuerunt
1942 1216 1982 1258 e
2051 1195 2295 1278 quibus
2363 1194 2573 1276 ipsius
2630 1193 2904 1275 Polybii

708 1320 1003 1373 mentem
1081 1322 1593 1393 cognoscerent.
1717 1312 1860 1374 Eae
1936 1321 2164 1374 autem
2243 1320 2479 1373 contra
2546 1310 2903 1372 Romanos

705 1423 928 1489 dictae
988 1437 1142 1490 sunt
1158 1475 1173 1501 ,
1234 1437 1304 1490 et
1348 1428 1405 1490 si
1452 1436 1796 1491 constaret
1842 1447 1959 1490 eas
2004 1447 2239 1489 veram
2283 1435 2581 1488 mentem
2626 1424 2901 1506 Polybii

704 1543 994 1622 prodere
1010 1591 1025 1618 ,
1073 1543 1583 1605 concedendum
1628 1527 1793 1605 mihi
1838 1552 2019 1606 esset
2065 1562 2222 1606 eum
2265 1541 2654 1604 libertatem
2688 1537 2897 1604 Grae-

708 1658 854 1720 ciae
928 1678 1184 1741 magno
1264 1658 1598 1721 desiderio
1673 1668 2111 1740 prosecutum
2135 1705 2150 1730 ‚
2225 1665 2414 1719 metu
2489 1665 2753 1719 tantum
2828 1664 2901 1717 et

706 1774 1094 1837 adulatione
1148 1774 1237 1836 ad
1282 1775 1634 1837 simulatas
1681 1773 1983 1837 Romani
2028 1774 2284 1856 ingenii
2331 1774 2569 1835 laudes
2612 1773 2899 1854 perduc·

705 1898 848 1952 tum
908 1889 1114 1953 fuisse
1130 1941 1143 1966 ,
1200 1892 1434 1973 itaque
1492 1890 1783 1954 Reiskio
1831 1901 1901 1955 et
1946 1890 2096 1954 aliis
2145 1890 2593 1954 concederem
2645 1887 2896 1964 „stulti-

704 2006 841 2068 tiae
911 1985 1062 2069 esse
1129 2008 1218 2069 ab
1288 2027 1371 2069 eo
1439 2028 1678 2070 verum
1741 2006 2142 2088 expectare’'
2160 2056 2173 2082 ,
2235 2007 2396 2088 quin
2458 2005 2603 2068 fere
2663 2024 2901 2067 omnes

710 2121 852 2184 eius
921 2122 1289 2185 sententias
1349 2122 1603 2185 fraudis
1664 2132 1736 2185 et
1791 2122 1954 2185 mali
1998 2122 2140 2185 doli
2183 2122 2424 2204 plenas
2471 2141 2622 2184 esse
2669 2140 2900 2183 cense-

707 2257 868 2300 rem.
918 2275 1000 2283 —
1050 2236 1228 2301 Aliis
1274 2239 1536 2301 omissis
1552 2287 1567 2314 ,
1615 2240 1703 2301 de
1748 2258 1883 2300 una
1928 2239 1991 2301 h.
2037 2238 2081 2300 l.
2129 2258 2352 2321 agam.
2386 2237 2473 2300 A.
2509 2258 2543 2299 2
2561 2259 2583 2299 1
2606 2259 2628 2299 1
2662 2236 2902 2299 Aetoli

705 2374 858 2417 cum
919 2355 1252 2417 Romanis
1312 2353 1587 2418 foedere
1641 2353 1826 2418 facto
1872 2365 2108 2419 contra
2151 2354 2575 2436 Phillippum
2591 2402 2606 2429 ,
2655 2352 2898 2417 Chlae-

702 2490 877 2532 nean
944 2471 1252 2553 legatum
1318 2470 1911 2534 Lacedaemonem
1971 2471 2297 2533 miserunt
2353 2469 2470 2552 qui
2523 2467 2902 2551 Spartanos

703 2588 791 2648 ad
836 2583 1254 2650 Societatem
1300 2607 1491 2650 suam
1534 2594 1842 2661 vocaret3
1892 2586 2035 2652 eius
2081 2586 2297 2649 oratio
2342 2585 2604 2669 legitur
2647 2584 2723 2648 P.
2769 2583 2900 2647 IX.

703 2720 758 2764 c,
812 2706 980 2765 28—
987 2723 1022 2779 3
1038 2723 1061 2763 1
1076 2751 1089 2764 .
1150 2700 1414 2776 ⁴Contra
1460 2722 1615 2765 eum
1650 2701 1979 2792 Lyciscus
2009 2701 2331 2765 Acarnan
2353 2702 2568 2784 longa
2592 2701 2899 2764 oratione

701 2819 777 2899 (e.
827 2794 1112 2898 32—39)
1158 2816 1556 2881 societatem
1603 2838 1758 2882 cum
1802 2816 2296 2881 Macedonibus
2325 2803 2691 2879 ineundam
2717 2835 2898 2879 com-

700 2933 995 2995 mendat.
1087 2932 1418 3014 Polybius
1435 2981 1450 3008 ,
1513 2934 1602 2995 ab
1665 2942 1906 2996 ornatu
1963 2933 2305 2996 rhetorico
2356 2952 2690 3015 perquam
2735 2931 2897 2994 alie-

698 3069 823 3112 nus
837 3098 850 3124 ,
908 3069 991 3111 ea
1035 3050 1321 3112 reddere
1368 3050 1544 3112 solet
1588 3070 1765 3132 quae
1810 3069 2052 3113 revera
2096 3050 2280 3113 dicta
2325 3059 2482 3112 sunt
2498 3097 2513 3124 ,
2560 3058 2898 3131 quatenus

700 3184 784 3226 ea
853 3165 1211 3247 cognovit3
1282 3165 1405 3228 sed
1469 3185 1622 3228 cum
1681 3163 1899 3227 forma
1941 3165 2151 3247 ipsius
2197 3175 2331 3240 est,
2377 3174 2524 3228 tum
2570 3162 2902 3227 nonnulla

701 3300 908 3362 saepe
977 3281 1167 3343 addit
1183 3329 1197 3354 ,
1266 3301 1443 3362 quae
1504 3281 1568 3343 ei
1631 3281 1895 3345 etiamsi
1954 3301 2090 3343 non
2148 3281 2398 3344 tradita
2454 3281 2588 3344 sint
2604 3329 2618 3355 ,
2666 3289 2900 3342 tamen

698 3396 1119 3477 temporibus
1182 3397 1652 3460 convenientia
1699 3407 1769 3460 et
1816 3397 2064 3460 oratori
2110 3405 2273 3478 apta
2319 3416 2471 3459 esse
2503 3380 2895 3459 'videantur

699 3510 855 3574 Hoc
917 3512 1071 3574 loc'o
1135 3511 1464 3593 Polybius
1509 3513 1942 3575 traditionem
1988 3513 2285 3594 aliquam
2332 3513 2630 3576 auctoris
2675 3521 2751 3574 ut
2795 3511 2896 3574 vi-

701 3627 900 3689 detur
944 3625 1397 3700 Macedonici,
1445 3628 1580 3690 vid.
1628 3648 1806 3710 supr.
1838 3648 1997 3711 pag.
2035 3649 2150 3690 201
2178 3678 2192 3703 ‚
2230 3629 2382 3691 adn.
2419 3648 2454 3706 5
2490 3629 2562 3690 in
2586 3628 2900 3690 manibus

700 3742 968 3818 habuit,
1014 3753 1090 3806 ut
1134 3753 1421 3825 apparet
1467 3764 1521 3807 c,
1571 3765 1649 3823 32
1703 3750 1735 3821 5
1792 3767 1857 3820 13
1904 3746 2027 3808 sed
2074 3765 2229 3808 cum
2261 3765 2346 3808 ea
2374 3745 2597 3827 ipsam
2623 3744 2900 3826 Lycisci

700 3857 1074 3920 orationem
1134 3858 1249 3920 vel
1305 3859 1640 3922 omisisset
1698 3861 1814 3923 vel
1858 3870 2277 3924 contractam
2322 3861 2586 3935 ederet,
2634 3861 2901 3942 aliquot

701 3981 1104 4053 argumenta
1148 3974 1294 4055 ipse
1342 3974 1616 4037 addidit.
1707 3974 1789 4037 Id
1835 3976 2013 4039 enim
2057 3978 2348 4059 primum
2391 3978 2725 4059 probatur
2760 3976 2898 4038 illis

702 4087 928 4148 verbis
991 4088 1182 4166 νέφος
1245 4088 1373 4155 ἀπὸ
1440 4098 1551 4172 τῆς
1618 4090 1890 4173 ἑσπέρας
1942 4091 2021 4174 (c.
2071 4112 2150 4171 37
2203 4097 2233 4168 ἓ
2290 4092 2419 4174 10),
2468 4092 2715 4174 quibus
2758 4091 2900 4153 iam

798 4327 835 4404 ι>
875 4329 1258 4389 Brandstater
1297 4333 1336 4390 1.
1378 4335 1397 4389 l
1456 4354 1514 4410 p.
1563 4353 1677 4410 249
1722 4352 1846 4410 sqq.
