3375 5084
1875 303 1994 361 116

843 502 1101 568 essent,
1169 494 1300 556 hac
1371 492 1730 555 occasione
1791 492 1894 554 usi
1958 491 2162 554 credo
2221 500 2299 554 ut
2359 491 2445 552 de
2493 489 2715 553 causis
2761 500 2832 554 et
2876 490 3019 552 iure

841 609 1009 671 belli
1054 609 1346 672 lectores
1392 608 1717 671 certiores
1758 606 2062 670 facerent
2093 603 2152 687 1).
2200 606 2725 670 Concedendum
2749 606 3024 686 quidem

842 733 948 787 est
962 771 978 796 ,
1041 724 1217 786 hanc
1278 722 1733 789 narrationem
1795 722 2070 785 minime
2133 722 2464 803 quadrare
2520 740 2674 784 cum
2718 720 2799 785 iis
2844 741 3025 803 quae

841 838 1116 904 tradidit
1182 838 1512 921 Polybius
1532 886 1547 910 ‚
1615 858 1775 900 nam
1847 858 1930 901 eo
2000 847 2278 901 auctore
2345 837 2482 900 iam
2551 846 2708 900 ante
2773 857 3028 903 annum

841 954 1056 1036 legati
1116 953 1418 1018 Romani
1481 954 1731 1016 Poenis
1789 953 2049 1016 bellum
2102 954 2485 1016 indixerant
2538 953 2667 1016 nisi
2712 950 3029 1036 Sagunto

840 1070 1274 1133 abstinerent.
1396 1066 1540 1132 Sed
1616 1089 1795 1147 cum·
1845 1069 2228 1132 narratione
2304 1068 2605 1151 Appiani
2682 1068 3031 1132 conciliari

838 1195 1083 1268 potest.
1171 1185 1241 1248 Is
1303 1186 1484 1249 enim
1544 1195 1759 1268 negat
1815 1186 1951 1249 iam
2005 1195 2163 1249 ante
2208 1205 2459 1248 annum
2504 1185 2761 1247 bellum
2807 1206 2849 1248 a
2895 1182 3024 1248 Se-

837 1313 1002 1366 natu
1073 1303 1480 1365 destinatum
1545 1301 1794 1377 fuisse;
1865 1312 2102 1366 contra
2170 1303 2310 1366 edit
2376 1303 2446 1365 in
2513 1300 2772 1366 Senatu
2789 1351 2804 1377 ,
2867 1321 3031 1364 cum

841 1415 1225 1501 Saguntum
1280 1419 1422 1481 iam
1484 1418 1980 1501 opprimeretur
1994 1467 2008 1493 ,
2069 1418 2246 1481 hanc
2293 1418 2695 1481 sententiam
2740 1417 2992 1480 vicisse
3014 1465 3028 1491 ,

840 1532 1257 1617 Saguntinos
1318 1555 1454 1597 non
1517 1555 1667 1597 esse
1732 1534 1954 1598 socios
2014 1535 2371 1598 Romanos
2390 1584 2404 1609 ‚
2467 1536 2589 1597 sed
2634 1534 3031 1597 libertatern

840 1650 921 1712 iis
986 1650 1397 1713 vindicatam
1461 1671 1610 1713 esse
1629 1700 1643 1726 ‚
1710 1660 1780 1714 et
1843 1670 1998 1713 cum
2060 1651 2378 1716 libertate
2431 1651 2731 1715 nondum
2777 1649 3034 1733 privati

844 1777 1070 1831 essent
1087 1816 1102 1843 ,
1164 1767 1333 1830 belli
1393 1788 1668 1831 causam
1729 1768 1988 1830 nullam
2052 1788 2202 1831 esse
2250 1767 2430 1851 (Hib.
2478 1788 2533 1830 c.
2592 1788 2614 1828 1
2637 1789 2658 1828 1
2715 1765 2830 1830 cfr.
2875 1765 3032 1829 Liv.

842 1903 898 1945 c.
962 1888 1000 1946 6
1049 1884 1203 1964 sq.);
1251 1883 1439 1964 atqui
1483 1883 1540 1945 si
1585 1883 1684 1947 ita
1728 1903 1837 1946 res
1882 1904 1957 1946 se
2004 1884 2242 1946 habuit
2260 1932 2274 1958 ‚
2320 1885 2544 1946 denuo
2590 1890 2877 1945 senatus·
2907 1882 3031 1944 de-

844 1998 1238 2061 liberaverit
1287 2018 1568 2061 necesse
1637 2009 1742 2061 est
1801 2007 1958 2080 post
2003 1999 2345 2062 excidium
2391 1996 2700 2081 Sagunti.
2789 1996 3035 2060 Livius

845 2132 1252 2195 quamquam
1320 2122 1464 2177 tum
1533 2114 1738 2176 etiam
1798 2114 1867 2176 in
1928 2112 2186 2178 Senatu
2248 2114 2625 2177 dubitatum
2683 2131 2833 2176 esse
2888 2132 3035 2174 non

843 2227 1005 2290 dicit
1021 2275 1036 2302 ,
1096 2237 1326 2291 tamen
1384 2237 1695 2291 senatum
1751 2229 2166 2292 consuluisse
2212 2230 2299 2292 de
2344 2229 2533 2292 bello
2579 2228 2704 2291 ait:
2759 2237 3032 2304 „tantus

841 2363 1110 2406 moeror
1152 2354 1381 2425 patres
1428 2354 1784 2427 metusque
1832 2346 1919 2408 de
1965 2366 2227 2408 summa
2271 2366 2495 2409 rerum
2541 2345 2725 2428 cepit
2740 2393 2754 2420 ,
2801 2353 2879 2407 ut
2920 2354 3036 2407 tot

840 2479 975 2522 uno
1039 2469 1346 2541 tempore
1406 2461 1702 2525 motibus
1765 2462 1969 2524 animi
2030 2462 2282 2525 turbati
2339 2461 2776 2543 trepidarent,
2799 2461 3031 2543 magis

842 2596 1048 2657 quam
1117 2576 1575 2639 consulerent”
1646 2576 1873 2659 (XXI.
1946 2577 2074 2659 16);
2140 2587 2210 2640 et
2265 2578 2454 2641 addit
2499 2597 2735 2640 causas
2781 2586 3029 2639 metus,

841 2690 1084 2773 Itaque
1145 2693 1328 2773 quod
1391 2691 1732 2756 Chaereas
1751 2742 1765 2768 ,
1828 2691 2111 2775 Sosylas
2170 2693 2289 2756 alii
2342 2701 2781 2756 narraverant
2798 2741 2812 2767 ‚
2859 2692 3032 2754 satis

841 2808 1158 2871 convenit
1229 2829 1383 2872 cum
1444 2810 1807 2872 traditione
1868 2810 2218 2885 Romana3
2280 2829 2501 2891 neque
2559 2810 2732 2872 haec
2789 2809 3032 2891 gravis

774 3004 778 3008 .
841 2933 946 2986 est
1007 2925 1210 3006 culpa
1272 2927 1455 3006 quod
1519 2926 1589 2988 in
1651 2935 1891 2989 senatu
1951 2926 2209 3008 aliquot
2263 2925 2632 2990 sententias
2676 2945 2802 3007 pro
2846 2944 3030 3007 pace

844 3039 1060 3102 dictas
1122 3061 1271 3103 esse
1342 3040 1628 3104 fortasse
1672 3040 1992 3105 finxerint
2006 3091 2020 3117 ‚
2066 3051 2143 3105 ut
2185 3042 2316 3105 hac
2362 3041 2623 3105 ratione
2669 3041 2877 3104 etiam
2921 3061 3034 3103 ar-

845 3166 1179 3236 gumenta
1226 3165 1296 3219 et
1342 3156 1694 3240 opiniones
1740 3157 2017 3220 alterius
2060 3157 2272 3238 partis
2317 3147 2557 3220 lectori
2586 3165 3036 3239 exponerent.

765 3302 771 3308 ·
842 3269 1083 3351 Itaque
1146 3271 1475 3354 Polybius
1536 3274 1752 3335 multo
1815 3273 2235 3336 acerbiorem
2295 3273 2364 3334 in
2419 3293 2537 3336 eos
2582 3293 2657 3335 se
2703 3272 3032 3353 praebet;

840 3406 1249 3468 quamquam
1293 3407 1690 3469 persuasum
1734 3389 1898 3451 mihi
1944 3398 2048 3452 est
2095 3408 2252 3452 eum
2297 3389 2386 3451 ab
2433 3398 2710 3451 auctore
2737 3387 3030 3451 meliore

842 3502 1161 3565 edoctum
1205 3522 1313 3565 res
1359 3503 1602 3567 melius
1649 3504 2064 3586 exposuisse.

1505 3667 1802 3739 Bellum
1844 3667 2214 3741 Punicum
2257 3668 2361 3740 H.
2415 3700 2421 3707 ·

930 3849 1261 3933 Polybius
1323 3851 1687 3934 diligenter
1747 3863 2147 3935 persecutus
2210 3862 2315 3916 est
2357 3851 2401 3933 2>
2462 3871 2570 3914 res
2616 3850 3026 3913 Hannibalis

853 3976 910 4019 a.
988 3978 1244 4037 229——2
1261 3963 1370 4034 163
1440 3979 1549 4022 res
1610 3980 1653 4022 a
1715 3959 2146 4044 Scipionibus
2205 3960 2276 4023 in
2331 3958 2662 4041 Hispania
2705 3958 2920 4041 gestis
2967 3978 3030 4021 a.

927 4225 945 4264 ¹
1013 4228 1105 4286 111
1162 4247 1215 4287 e.
1262 4249 1294 4287 2
1455 4249 1504 4287 1.

924 4225 975 4404 2}
1030 4326 1081 4382 E
1138 4237 1454 4386 ῐτειᾱὶἔοῗιε
1508 4324 1738 4404 Polybii
1786 4326 1936 4388 haec
1977 4336 2321 4405 supersuntz
2365 4347 2419 4387 a.
2463 4321 2591 4387 22⁰
2632 4337 2692 4387 et
2733 4321 2872 4387 219:
2917 4327 3025 4386 111.
