3375 5084
1396 366 1517 423 139

359 536 556 618 Quae
618 537 765 600 Pol.
824 537 951 600 IX.
1012 559 1067 600 e.
1119 556 1288 617 3——7
1338 546 1692 601 narrantur
1737 538 1822 601 de
1871 538 2223 601 obsidione
2273 538 2550 620 Capuae

357 663 433 717 et
500 655 586 716 de
654 653 1061 717 Hannibalis
1131 655 1219 716 ad
1284 655 1586 716 Romam
1655 654 1895 717 itinere
1910 704 1924 729 ‚
1985 664 2210 718 utrum
2269 675 2308 716 e
2365 654 2553 718 fonte

356 770 681 832 Romano
740 770 966 833 omnia
1021 770 1342 834 fluxerint
1403 791 1618 834 necne
1680 791 1818 833 non
1880 780 2178 845 constat;
2227 772 2349 834 sed
2394 791 2553 852 pars

358 888 698 968 quaedam
745 897 930 951 certe
976 886 1147 951 fonti
1193 888 1517 951 Romano
1563 888 1923 950 tribuenda
1969 897 2099 963 est,
2146 909 2201 950 e.
2237 893 2332 964 6§
2367 910 2552 965 1—4‚

360 1012 433 1066 et
481 984 708 1066 eidem
758 1003 1032 1085 quidem
1080 1024 1214 1085 quo
1260 1023 1421 1066 usus
1467 1013 1571 1067 est
1617 1003 1852 1082 Livius
1899 1002 2034 1087 (cfr.
2082 1004 2228 1067 Liv.
2275 1003 2550 1066 XXVI.

356 1140 415 1182 e.
486 1142 523 1198 9
588 1119 818 1200 med.);
882 1120 1005 1182 sed
1068 1119 1275 1182 etiam
1339 1139 1394 1182 c.
1465 1140 1499 1197 5
1560 1125 1590 1196 5
1640 1125 1677 1182 8
1728 1129 2015 1201 apparet
2059 1121 2288 1201 plures
2332 1119 2555 1183 fontes

355 1233 568 1297 fuisse
615 1234 927 1316 Polybio,
1019 1235 1262 1298 Livius‘
1300 1235 1478 1297 enim
1526 1236 1613 1297 de
1659 1235 1900 1298 itinere
1946 1235 2353 1297 Hannibalis
2387 1236 2557 1297 duas

357 1351 759 1415 traditiones
833 1348 1033 1414 affert
1049 1399 1064 1425 ,
1134 1347 1489 1434 vulgatam
1559 1352 1846 1416 alteram
1865 1401 1879 1426 ,
1952 1351 2237 1415 alteram
2309 1350 2556 1426 Coelii3

357 1488 538 1549 quae
598 1467 789 1529 nulla
847 1468 917 1529 in
973 1487 1048 1529 re
1108 1468 1519 1531 conveniunt
1561 1467 1688 1530 nisi
1735 1468 1917 1549 quod
1965 1477 2251 1549 utraque
2298 1466 2555 1529 Hanni-

356 1584 592 1647 balem
645 1605 772 1666 per
815 1582 1158 1648 Samnites
1203 1585 1333 1648 iter
1374 1584 1617 1648 fecisse
1665 1585 1823 1647 edit.
1873 1584 2038 1667 (Liv.
2086 1584 2363 1648 XXVI.
2413 1605 2468 1647 c.
2519 1607 2556 1664 9

362 1721 531 1782 „per
601 1698 1001 1784 Allifanum
1071 1721 1345 1783 agrum,
1411 1702 1525 1782 qui
1588 1711 1693 1765 est
1755 1700 2046 1776 Samnii,'
2112 1722 2166 1764 c.
2238 1724 2261 1762 1
2284 1724 2305 1762 1
2362 1699 2471 1763 fin.
2520 1722 2559 1763 e

363 1816 637 1881 Coelio:
709 1817 855 1892 „Ex
918 1817 1290 1898 Campania
1350 1817 1419 1879 in
1481 1815 1834 1881 Samnium
1880 1817 2312 1899 transiisse'⁷);
2359 1816 2562 1898 Poly-

359 1934 518 1996 bius
565 1943 795 1997 autem
814 1982 827 2008 ,
875 1953 948 1995 re
996 1933 1203 1995 dubia
1248 1943 1324 1996 ut
1369 1933 1546 1996 solet
1594 1934 1842 1996 omissa
1860 1981 1874 2008 ,
1921 1942 2184 1996 tantum
2229 1932 2325 1995 ait
2368 1932 2556 1994 Han-

357 2051 662 2114 nibalem
710 2050 821 2113 διὰ
869 2059 980 2134 τῆς
1026 2047 1429 2128 Σαυνίτιδος
1480 2051 1610 2114 iter
1653 2050 1915 2115 fecisse.

457 2167 806 2231 Concludo
876 2166 1183 2232 Silenum
1253 2178 1600 2231 auctorem
1668 2167 1876 2230 fuisse
1945 2167 2065 2230 III.
2137 2187 2190 2230 c.
2262 2187 2521 2245 33—-35
2545 2215 2558 2241 ,

344 2282 441 2363 ‘41
459 2290 650 2347 ——6o,
743 2284 847 2371 Ea
906 2305 1081 2366 quae
1131 2286 1217 2347 de
1262 2285 1652 2348 Hannibale
1699 2285 1769 2347 in
1813 2285 2015 2347 Italia
2061 2285 2361 2367 degente
2405 2304 2555 2346 nar-

362 2410 599 2464 rantur
615 2449 630 2476 ,
707 2411 1042 2482 quatenus
1119 2422 1272 2465 cum
1347 2400 1545 2464 Livio
1624 2400 1984 2464 concinunt
2002 2449 2016 2476 ,
2085 2399 2373 2463 fortasse
2443 2400 2559 2462 uni

366 2517 727 2600 eidemque
774 2517 1035 2581 auctori
1079 2517 1438 2581 tribuenda
1483 2527 1666 2592 sunt;
1717 2517 1840 2580 sed
1865 2526 2131 2580 constat
2153 2517 2358 2580 etiam
2390 2516 2560 2579 alios

366 2643 684 2697 auctores
729 2626 867 2696 non
911 2634 1269 2697 Romanos
1317 2655 1359 2696 a
1403 2634 1699 2715 Polybio
1746 2633 2088 2696 adhibitos
2121 2653 2289 2695 esse.
2348 2632 2557 2695 Deni-

363 2771 504 2832 que
550 2750 898 2813 minimum
945 2752 1081 2814 duo
1129 2761 1442 2815 auctores
1490 2752 1553 2814 ei
1598 2750 1870 2814 fuerunt
1913 2750 2245 2814 Romani..

457 2981 568 3045 De
630 2983 817 3046 bello
863 2982 1120 3046 Punico
1165 2983 1234 3045 in
1279 2982 1480 3046 Italia
1524 2992 1726 3065 gesto
1772 3002 1994 3064 neque
2040 3001 2291 3045 novam
2335 3000 2559 3062 neque

364 3120 640 3181 semper
685 3119 877 3162 suam
921 3099 1375 3163 narrationem
1422 3099 1612 3163 dedit
1656 3098 2019 3180 Polybius;
2056 3097 2279 3160 fontes
2314 3096 2559 3178 quibus

363 3216 578 3279 utitur
649 3236 902 3298 magna
973 3236 1063 3278 ex
1131 3225 1326 3297 parte
1398 3216 1603 3279 etiam
1673 3216 1838 3279 alibi
1905 3216 2102 3278 nobis
2167 3223 2527 3296 supersunt
2549 3261 2562 3288 ,

365 3353 594 3414 neque
662 3332 962 3415 cognitio
1025 3342 1256 3395 nostra
1315 3333 1513 3395 huius
1559 3333 1727 3395 belli
1775 3353 1818 3394 a
1861 3331 2156 3414 Polybio
2205 3331 2353 3394 solo
2400 3350 2562 3411 pen-

370 3450 492 3512 det
510 3498 524 3523 ,
583 3459 657 3513 ut
705 3470 812 3512 ex.
860 3470 960 3532 gr.
1008 3470 1051 3511 a
1096 3449 1500 3531 Thucydide
1546 3449 1713 3511 belli
1760 3447 2357 3529 Peloponnesiaci,
2407 3455 2477 3508 et
2521 3465 2564 3506 a

295 3646 298 3647 ⁷
369 3566 669 3648 Polybio
736 3566 903 3628 belli
972 3565 1432 3640 Macedonici,
1504 3563 1800 3651 Syriaci,
1870 3564 2173 3626 aliorum.
2278 3560 2420 3626 Sed
2484 3561 2566 3623 iis

373 3680 677 3744 fontibus
746 3681 1032 3764 egregie
1101 3681 1475 3745 coniunctis
1543 3681 1639 3744 ita
1699 3700 1859 3743 usus
1921 3689 2025 3743 est
2085 3678 2415 3760 Polybius
2431 3725 2446 3752 ‚
2492 3685 2569 3739 ut

368 3999 431 4059 in
474 3974 781 4059 comitium
824 4007 884 4058 et
913 3997 1139 4057 curiam
1167 4015 1339 4057 versa
1361 3994 1741 4074 magistratus
1824 4002 1936 4076 ἅμα
1995 4008 2067 4074 τῷ
2128 3999 2215 4055 τὸν
2281 3997 2568 4073 στρατηγὸν

369 4108 617 4159 vocaret
633 4144 649 4173 ‚
693 4098 938 4158 tandem
985 4097 1147 4156 haud
1190 4098 1378 4156 multo
1421 4105 1559 4155 ante
1605 4094 1743 4154 solis
1824 4102 1982 4157 εἰπεῖν
2019 4107 2127 4164 τοῖς
2151 4097 2328 4175 ὄχλοις
2345 4097 2449 4155 ἀπὸ
2468 4106 2568 4153 τῶν

370 4217 655 4259 occasum
688 4200 773 4256 M.
804 4196 1169 4274 Pomponius
1198 4205 1439 4274 praetor
1461 4195 1740 4272 „pugna”
1807 4198 2039 4273 ἐμβόλων
2051 4196 2423 4273 *ὁτιλειπὸμεθα
2434 4201 2580 4276 μάχῃ

374 4297 567 4375 inquit
610 4316 871 4376 „magna
912 4296 1052 4356 victi
1095 4297 1354 4356 sumus”.
1825 4298 2024 4375 μεγάλῃ
2048 4339 2062 4363 ,
2103 4296 2414 4357 τηλικαύτην
2456 4319 2573 4353 συν-

1809 4396 1899 4472 έβη
1935 4398 2184 4472 γενέσθαι
2210 4395 2565 4471 διατροπήν...
