3375 5084
1409 400 1524 456 241

370 571 546 634 ullas
612 572 910 634 rationes
977 570 1091 634 v'el
1149 592 1407 653 poenas
1467 591 1765 653 unquam
1825 572 2149 652 repetitas
2212 591 2361 633 esse
2423 590 2558 633 non

367 688 591 750 solum
657 709 989 770 nusquam
1035 699 1350 770 apparet,
1397 690 1520 751 sed
1567 689 1772 751 etiam
1817 688 2108 751 societas
2154 688 2559 751 Aetolorum

370 823 579 885 saepe
642 803 938 866 criminis
1000 814 1382 867 consortem
1439 825 1514 866 se
1571 803 1734 867 fecit
1778 824 1932 867 cum
1979 804 2307 866 eiusmodi
2354 804 2561 865 duces

370 939 635 981 summo
680 919 1085 1001 magistratu
1130 928 1400 983 ornaret
1445 920 1557 982 vel
1603 921 1984 1001 praedones
2029 920 2374 983 societatis
2404 939 2558 981 auc-

372 1035 647 1098 toritate
695 1056 769 1098 se
817 1036 990 1100 tueri
1033 1045 1382 1117 pateretur
1409 1034 1470 1117 ¹).
1545 1035 1808 1099 Eodem
1837 1037 2042 1099 modo
2073 1035 2243 1098 illud
2275 1034 2559 1119 λάφυρον

461 1339 504 1422 ¹)
562 1342 885 1419 Exempla:
948 1360 1003 1401 a.
1064 1362 1180 1417 244
1233 1361 1382 1419 pace
1435 1341 1497 1401 in
1547 1341 1856 1402 Boeotiam
1898 1340 2294 1401 incursionem
2336 1340 2561 1400 faciunt

364 1442 655 1501 Lattabus
711 1451 770 1501 et
811 1440 1218 1515 NicostratuS,
1261 1443 1329 1504 P.
1374 1444 1480 1500 IV.
1526 1462 1595 1518 3,
1642 1460 1711 1519 53
1759 1459 1867 1519 25,
1915 1462 1982 1516 23
2025 1443 2132 1500 IX.
2177 1461 2289 1518 34,
2337 1460 2444 1514 113
2491 1460 2564 1482 ·—-

365 1559 420 1599 a.
490 1560 603 1613 242
667 1538 788 1620 (alii
851 1540 992 1621 240)
1053 1559 1203 1617 pace
1265 1539 1541 1600 omnibus
1602 1538 1790 1617 copiis
1844 1538 2190 1622 (πραυδημεί)
2240 1538 2303 1597 in
2358 1557 2569 1616 agrum

365 1636 911 1698 Lacedaemonium
964 1636 1303 1715 irrumpunt
1331 1637 1716 1698 ⁸Charixenes
1769 1647 1829 1697 et
1869 1637 2178 1712 TimaeuS,
2223 1647 2328 1713 „ut
2370 1637 2567 1695 exules

365 1737 698 1797 reducant''
749 1735 841 1818 (P.
883 1739 988 1796 IV.
1034 1757 1144 1813 34,
1189 1757 1260 1815 93
1304 1739 1409 1796 ΙΧ.
1455 1758 1568 1814 34,
1613 1735 1676 1819 9)
1718 1746 1777 1796 et
1823 1753 2039 1814 50.ooo
2083 1735 2390 1814 perioecos
2432 1753 2570 1811 cap-

368 1834 524 1896 tivos
566 1855 768 1896 secum
809 1845 992 1914 agimt
1033 1834 1169 1917 (nisi
1208 1835 1353 1895 fallit
1394 1856 1673 1897 numerus
1722 1836 2104 1896 Plutarchum
2120 1881 2135 1910 ,
2177 1836 2405 1896 Cleom.
2439 1833 2537 1914 18)
2552 1879 2566 1908 ,

368 1953 422 1994 a.
493 1955 604 1994 221
628 1980 642 2006 ‚
705 1955 843 1994 cum
907 1936 1177 1995 Messene
1238 1936 1319 1995 ad
1382 1936 1758 1995 Achaeorum
1824 1934 2165 1995 societatem
2229 1932 2569 2006 inclinaret,

370 2033 770 2094 Dorimachus
831 2034 1173 2112 Phigaleam
1233 2033 1317 2115 (in
1373 2036 1582 2095 urbem
1638 2033 1996 2114 Aetolicam)
2052 2032 2301 2092 mittitur
2358 2032 2437 2091 ad
2478 2051 2571 2090 res

369 2132 789 2192 observandas
874 2134 931 2191 Is
994 2141 1193 2193 autem
1249 2132 1507 2210 primum
1561 2131 1763 2209 piratis
1819 2131 2102 2192 Aetolicis
2156 2130 2218 2191 in
2275 2129 2570 2190 Messenia

368 2231 624 2309 praedas
684 2231 901 2310 agendi
961 2231 1196 2291 veniam
1251 2232 1356 2292 dat
1411 2242 1469 2292 et
1523 2232 1782 2308 praedae
1836 2241 2067 2308 partem
2122 2232 2199 2291 ab
2238 2228 2309 2289 iis
2351 2228 2568 2307 accipit

370 2330 460 2409 (P.
526 2332 629 2389 IV.
700 2351 768 2407 3,
833 2332 870 2389 8
929 2329 1104 2412 sqq.).
1207 2332 1266 2389 A
1320 2329 1624 2390 Messeniis
1679 2349 1787 2408 per
1841 2328 2166 2408 legationes
2213 2327 2535 2406 increpitus
2554 2372 2569 2401 ‚

370 2430 684 2489 Messenen
726 2428 918 2504 venit3
961 2428 1074 2502 ibi,
1118 2448 1257 2488 cum
1297 2427 1618 2489 latrociniis
1659 2448 1783 2489 non
1825 2427 2202 2489 absisteretur
2222 2474 2236 2501 ,
2280 2428 2356 2487 ab
2393 2427 2573 2503 epho-

372 2528 451 2588 ris
507 2527 569 2588 in
624 2526 716 2588 ius
756 2538 1005 2588 vocatus
1023 2573 1038 2602 ,
1087 2526 1326 2587 nomine
1369 2526 1680 2589 Societatis
1722 2526 2028 2588 Aetolicae
2068 2524 2184 2607 (τοῦ
2231 2523 2428 2606 κοινοῦ.)
2469 2544 2570 2584 eos

373 2637 589 2702 terret,
633 2647 707 2687 ne
749 2629 829 2688 ab
869 2626 999 2705 ipso
1042 2645 1136 2687 res
1177 2636 1449 2704 repetant
1490 2626 1619 2707 (IV.
1665 2648 1719 2700 4.
1767 2625 1847 2707 4).
1908 2628 1979 2684 In
2008 2623 2261 2702 patriam
2284 2642 2572 2697 reversuS,

374 2746 515 2786 cum
557 2725 838 2787 Societati
880 2726 1239 2804 persuadere
1280 2745 1343 2785 se
1382 2744 1557 2802 posse
1600 2744 1733 2802 spes
1774 2744 1895 2785 non
1936 2722 2010 2783 sit
2050 2733 2116 2782 ut
2154 2723 2372 2783 bellum
2415 2724 2573 2781 Mes-

372 2844 549 2885 senae
605 2825 860 2900 indicat,
921 2845 1059 2884 cum
1101 2825 1298 2901 Scopa
1338 2822 1636 2902 privatum
1680 2822 1990 2884 consilium
2031 2822 2140 2882 init
2183 2820 2574 2899 expeditionis

372 2924 436 2984 in
498 2944 710 3003 agrum
772 2922 1133 2983 Messenium
1194 2923 1500 2983 faciendae
1563 2922 1692 3003 (IV.
1756 2940 1809 3000 5.
1873 2921 1988 3004 10).
2071 2923 2295 2982 Eorum
2348 2920 2575 2998 piratae

373 3042 589 3084 navem
631 3022 1088 3083 Macedonicam
1130 3020 1373 3099 capiunt
1414 3020 1543 3102 (IV.
1589 3025 1644 3082 6.
1696 3021 1786 3104 1),
1815 3021 1979 3080 littus
2004 3020 2171 3098 Epiri
2192 3021 2571 3097 populantur,

373 3122 668 3201 Thyrium
729 3121 1104 3181 Acarnaniae
1168 3123 1374 3182 urbem
1438 3120 1896 3199 aggrediuntur3
1960 3119 2216 3196 denique
2278 3118 2539 3179 Clarium
2557 3163 2572 3192 ,

375 3221 503 3300 agri
564 3219 1052 3300 Megalopolitani
1114 3221 1419 3280 castellum
1437 3265 1452 3294 ,
1517 3229 1856 3297 occupant,
1919 3219 2084 3297 quod
2145 3237 2182 3278 a
2242 3217 2573 3279 Timoxeno

381 3320 764 3380 Achaeorum
807 3329 1080 3396 praetore
1123 3328 1183 3378 et
1223 3318 1522 3379 Taurione
1562 3320 1966 3378 Macedonum
2007 3318 2310 3395 praefecto
2351 3317 2421 3377 iis
2454 3315 2577 3376 adi-

380 3418 561 3479 mitur
603 3418 732 3499 (VI.
778 3420 832 3477 6.
884 3416 1081 3499 1-6).
1145 3417 1378 3478 Deinde
1407 3416 1806 3478 Dorimachus
1835 3428 1895 3477 et
1916 3417 2140 3494 Scopas
2161 3426 2290 3477 toto
2312 3415 2575 3475 exercitu

375 3515 688 3599 (πανδημεί)
751 3536 857 3594 per
918 3536 1128 3595 agrum
1183 3516 1516 3577 Achaicum
1533 3563 1547 3592 ,
1605 3536 1786 3594 quem
1825 3517 2187 3594 populantur
2205 3561 2220 3590 ,
2264 3518 2575 3574 Messenen

380 3616 686 3677 invadunt.
774 3615 1045 3692 Denique
1106 3635 1243 3675 cum
1278 3614 1846 3693 appropinquarent
1903 3613 2111 3692 copiae
2165 3612 2465 3673 Achaicae
2517 3622 2577 3671 et

383 3714 815 3776 Macedonicae
833 3761 848 3790 ‚
901 3716 1170 3774 Messene
1212 3733 1274 3773 se
1314 3714 1578 3775 abituros
1619 3733 1747 3773 esse
1788 3713 2142 3791 promittunt
2184 3712 2313 3794 (IV.
2357 3733 2412 3789 9.
2464 3732 2576 3770 Ι·-

392 3814 490 3897 10)
507 3861 522 3889 ,
566 3815 670 3874 sed
713 3824 913 3873 tamen
954 3816 1238 3887 Aratum,
1281 3812 1383 3889 qui
1423 3814 1600 3873 stulte
1640 3814 1856 3872 multas
1899 3812 2102 3890 copias
2129 3812 2377 3872 domum
2408 3809 2577 3870 dimi-

386 3924 544 3975 serat
562 3959 577 3988 ,
635 3911 1059 3991 aggrediuntur
1075 3958 1090 3986 ‚
1149 3920 1209 3972 et
1263 3910 1342 3970 ad
1392 3912 1669 3989 Caphyas
1710 3931 1953 3989 prorsus
1993 3910 2310 3989 profligant
2350 3910 2480 3990 (IV.
2524 3929 2575 3967 c.

394 4034 485 4073 11.
537 4010 732 4093 1—9).
819 4010 982 4086 Quid
1022 4019 1222 4070 autem
1264 4009 1580 4070 concilium
1622 4010 2004 4070 Aetolicum?
2073 4008 2272 4070 Aetoli
2312 4008 2390 4089 (a.
2438 4006 2578 4089 220)

390 4113 721 4173 decernunt
788 4130 929 4169 cum
989 4107 1264 4169 omnibus
1325 4108 1434 4169 sibi
1495 4126 1705 4185 pacem
1768 4128 1894 4169 esse
1955 4107 2084 4188 (IV.
2157 4125 2248 4184 15.
2313 4106 2407 4189 8);
2471 4108 2576 4167 sed

386 4209 645 4271 Achaeis
707 4230 770 4270 se
831 4209 1051 4270 bellum
1109 4207 1374 4267 illaturos
1428 4225 1553 4267 esse
1609 4206 1657 4266 si
1712 4209 2022 4268 Messenen
2079 4208 2158 4266 ad
2221 4206 2576 4268 Societatem

385 4309 843 4370 Macedonicam
884 4308 986 4389 (de
1028 4325 1148 4384 qua
1188 4307 1292 4366 cfr.
1336 4306 1440 4364 IV.
1486 4326 1543 4383 9.
1588 4304 1650 4387 4)
1694 4307 1926 4367 trahere
1966 4315 2271 4367 conentur.
2342 4303 2575 4364 Deinde

392 4426 757 4486 quamquam
812 4410 1082 4467 Messene
1136 4425 1171 4464 a
1221 4403 1582 4464 Macedonia
1628 4404 1691 4463 in
1732 4405 2084 4466 Societatem
2126 4403 2404 4481 recipitur
2444 4402 2555 4483 (IV

2346 4510 2410 4562 16
