3375 5084
1848 366 1928 423 28

798 555 1077 617 obedire
1142 555 1326 617 cives
1393 575 1546 617 cum
1608 563 1960 617 senectute
2019 553 2271 617 fractus
2331 575 2467 619 non
2530 554 2819 635 amplius
2867 574 2988 616 eos

798 641 1162 733 defendere
1238 672 1454 752 possit
1532 670 1844 732 dominus
1871 719 1885 744 ,
1961 689 2370 752 quamquam
2448 669 2654 732 etiam
2729 669 2988 731 viribus

799 795 986 849 caret
1045 787 1289 869 quibus
1336 786 1522 849 cives
1570 786 1658 848 ad
1707 785 2165 849 obedientiam
2214 805 2466 868 cogere
2512 785 2704 848 initio
2750 784 2989 848 solitus

744 922 749 927 ’
795 901 1010 965 fuerit.
1104 900 1247 966 Sed
1308 903 1494 965 cives
1556 923 1631 965 se
1677 902 1831 984 regi
1877 902 2222 983 patiuntur
2272 903 2359 964 ab
2408 921 2520 975 e0,
2569 901 2757 964 cuius
2803 901 2990 963 iusti·

720 1074 725 1079 .
794 1019 958 1081 tiam
1004 1028 1146 1081 tam
1193 1018 1310 1081 diu
1357 1019 1623 1100 experti
1670 1027 1824 1080 sunt
1841 1066 1855 1092 ‚
1903 1026 1973 1080 et
2020 1038 2177 1080 cum
2221 1019 2309 1080 ab
2360 1036 2445 1080 eo
2492 987 2799 1099 tempore
2824 1017 2987 1080 inde

793 1117 1119 1216 regantur
1187 1135 1373 1197 cives
1442 1134 1703 1197 ratione
1773 1130 2133 1217 (λογισμῷ),
2196 1153 2332 1195 non
2393 1143 2579 1197 metu
2597 1182 2611 1208 ,
2678 1132 2989 1195 dominus

794 1271 921 1313 rex
982 1260 1087 1313 est
1146 1249 1382 1313 fact-us.
1475 1248 1619 1314 Sed
1680 1249 2011 1332 Polybius
2073 1250 2277 1312 sentit
2328 1250 2462 1312 hoc
2511 1249 2989 1331 explicationis

794 1368 1104 1449 indigere
1152 1367 1495 1450 quomodo
1542 1367 1662 1429 ille
1708 1385 1951 1429 sensus
1994 1366 2291 1429 iustitiae
2338 1367 2521 1448 apud
2559 1366 2754 1429 'cives
2803 1375 2991 1428 ortus

712 1457 719 1461 ”
793 1483 896 1545 sit.
987 1482 1227 1564 Itaque
1273 1483 1363 1544 ad
1407 1483 1832 1564 probandam
1878 1482 2067 1545 illam
2116 1482 2503 1563 opinionem
2553 1502 2728 1565 quae
2784 1481 2989 1563 plane

796 1596 957 1661 ficta
1018 1607 1124 1661 est
1167 1618 1390 1680 neque
1438 1598 1596 1662 ullis
1640 1608 1950 1661 veterum
1997 1598 2399 1661 testimoniis
2446 1598 2680 1661 nititur
2724 1598 2990 1680 (nempe

796 1714 980 1795 quod
1026 1733 1313 1796 regnum
1362 1735 1401 1777 e
1449 1735 1652 1777 sensu
1699 1714 1992 1776 iustitiae
2042 1713 2290 1776 civium
2340 1723 2560 1776 ortum
2598 1713 2732 1795 sit),
2759 1733 2992 1776 exem-

796 1830 892 1911 pli
980 1832 1206 1913 gratia
1277 1831 1561 1913 exponit
1629 1830 1973 1913 quomodo
2044 1826 2318 1893 omnino
2387 1829 2683 1893 iustitiae
2755 1849 2992 1892 sensus

796 1947 1114 2010 extiterit.
1206 1946 1615 2009 Hominibus
1684 1967 1839 2010 cum
1906 1947 2199 2028 primum
2258 1946 2328 2015 in
2389 1946 2697 2009 coetibus
2756 1946 2992 2008 vivere

795 2063 1221 2145 inceperunt,
1273 2064 1367 2126 ait
1383 2112 1397 2138 ,
1445 2083 1610 2126 mox
1663 2083 2029 2146 puerorum
2076 2062 2388 2126 educatio
2437 2081 2641 2124 curae
2691 2070 2825 2136 est;
2873 2060 2994 2123 ubi

795 2188 1024 2242 autem
1054 2156 1315 2262 ¹aliquis
1359 2177 1537 2243 filius
1592 2199 1811 2261 nuper
1857 2179 2127 2243 adultus
2174 2177 2569 2260 parentibus
2615 2177 2753 2239 suis
2801 2176 2992 2239 debi-

796 2303 936 2357 tam
1002 2294 1296 2377 gratiam
1367 2303 1438 2357 et
1506 2294 1835 2357 auxilium
1903 2315 1978 2356 se
2050 2293 2467 2356 redditurum
2529 2313 2680 2355 esse
2742 2301 2956 2375 negat
2973 2340 2990 2366 ,

796 2420 1031 2474 contra
1091 2411 1272 2473 male
1335 2432 1491 2475 cum
1552 2412 1635 2474 iis
1683 2411 1832 2494 agit
1848 2460 1862 2486 ,
1912 2411 2096 2493 apud
2142 2430 2376 2472 omnes
2423 2409 2594 2472 alios
2641 2408 2828 2472 cives
2874 2408 2993 2491 qui

793 2515 929 2590 hoc
973 2527 1208 2590 vident
1251 2538 1474 2591 metus
1523 2529 1735 2591 oritur
1779 2548 1867 2590 ne
1914 2527 2015 2590 sui
2062 2527 2260 2617 liberi
2305 2526 2485 2589 idem
2530 2524 2773 2588 facturi
2821 2525 2951 2587 sint
2972 2572 2987 2600 ,

795 2653 867 2707 et
911 2644 981 2709 in
1027 2644 1344 2708 iuvenem
1389 2645 1582 2707 illum
1629 2643 2076 2707 animadverti
2123 2642 2417 2724 cupiunt.
2486 2640 2750 2704 Eodem
2781 2641 2989 2704 modo

795 2761 850 2823 si
899 2781 1100 2843 quem
1123 2766 1273 2843 'pro
1318 2760 1668 2825 beneficiis
1714 2758 2052 2823 maleficia
2098 2760 2404 2822 reddere·
2438 2757 2704 2832 vident,
2754 2777 2987 2820 omnes

796 2876 982 2939 cives
1052 2886 1343 2957 poscunt
1392 2886 1467 2939 ut
1512 2877 1624 2939 hic
1670 2896 1930 2958 poenas
1976 2876 2124 2950 det,
2172 2894 2327 2938 cum
2372 2883 2680 2937 metuant
2724 2895 2811 2937 ne
2859 2873 2992 2937 sibi

794 2992 978 3053 idem
1037 2991 1318 3054 accidat.
1406 2991 1517 3053 Ex
1568 2991 1705 3066 his,
1752 2991 1848 3053 ait
1891 2990 2252 3072 PolybiuS,
2302 2991 2514 3053 oritur
2558 3010 2795 3052 sensus
2835 2990 2990 3071 ‘qui-

798 3108 955 3169 dam
1003 3108 1187 3188 apud
1234 3127 1470 3169 omnes
1517 3116 1588 3169 et
1635 3106 2122 3188 contemplatio
2168 3105 2312 3169 eius
2359 3105 2522 3189 quid
2552 3106 2797 3168 deceat
2827 3104 2990 3188 quid

747 3269 751 3273 .
796 3236 964 3297 non‚·
1009 3224 1194 3304 quod
1243 3233 1347 3286 est
1391 3223 1654 3286 initium
1703 3232 1773 3285 et
1816 3222 1968 3285 finis
2005 3223 2299 3286 iustitiae
2326 3219 2386 3305 1).
2453 3222 2718 3285 Eodem
2750 3222 2955 3284 modo
2974 3270 2989 3296 ,

796 3338 892 3401 ita
937 3339 1193 3422 pergit,
1242 3339 1428 3402 cives
1477 3339 1823 3402 dominum
1869 3360 2149 3402 avarum
2180 3348 2251 3402 et
2285 3339 2659 3401 violentum
2684 3339 2989 3413 oderunt,

796 3456 1052 3517 bonum
1098 3464 1169 3518 et
1214 3465 1561 3518 strenuum
1608 3456 1840 3519 colunt
1855 3506 1869 3531 ,
1920 3466 1990 3519 et
2037 3456 2181 3518 eius
2214 3453 2549 3518 beneficia
2571 3454 2989 3517 remunerari

799 3571 1093 3651 cupiunt.
1184 3570 1274 3634 Et
1333 3572 1490 3634 hinc
1530 3591 1781 3634 rursus
1846 3573 2056 3635 oritur
2100 3572 2284 3653 apud
2331 3571 2515 3634 cives
2562 3590 2798 3633 sensus
2845 3569 2992 3650 qui-

798 3687 954 3748 dam
1017 3696 1088 3750 et
1141 3688 1627 3770 contemplatio
1674 3687 1959 3779 (θεωρία)
2004 3687 2168 3750 mali
2215 3697 2286 3750 et
2330 3687 2494 3749 boni
2539 3687 2825 3772 (αἰσχροῦ
2876 3687 2989 3750 καὶ

799 3800 1020 3885 καλοῦ)
1079 3805 1150 3867 in
1211 3805 1627 3887 principibus
1687 3806 2105 3889 regibusque
2121 3853 2136 3880 ,
2197 3824 2482 3887 quorum
2527 3804 2660 3867 hoc
2707 3810 2992 3885 propter

796 3918 1160 3982 utilitatem
1197 3916 1331 4003 (διὰ
1365 3923 1436 3986 τὸ
1472 3920 1821 4006 συμφέρον)
1852 3921 2124 3983 laudem
2151 3928 2221 3982 et
2243 3919 2690 3982 imitationem
2715 3917 2993 3993 excitat,

882 4188 928 4272 ¹)
968 4192 1073 4249 VI.
1119 4211 1168 4250 c.
1214 4195 1249 4250 6
1292 4200 1321 4264 ξ
1367 4208 1431 4267 7:
1482 4198 1539 4263 ἐξ
1574 4192 1641 4251 ὧν
1681 4195 2023 4270 ὑπογίγνεταί
2056 4215 2132 4258 τις
2170 4191 2339 4252 ἔννοια
2375 4189 2495 4271 παρ’
2535 4195 2736 4268 ἑκάστῳ
2773 4201 2867 4258 τῆς
2903 4201 3000 4251 τοῦ

793 4298 1118 4360 καθήκοντος
1171 4295 1435 4371 δυνάμεως
1488 4295 1578 4349 καὶ
1633 4294 1859 4367 θεωρίας
1913 4282 2253 4365 (legendum
2314 4296 2357 4351 ,9
2378 4317 2459 4350 εω
2481 4315 2507 4371 ρ
2530 4285 2626 4368 ia)
2679 4291 2801 4366 ὅπερ
2850 4293 2997 4349 ἐστὶν

794 4394 933 4469 ἀρχὴ
975 4394 1063 4448 καὶ
1100 4394 1244 4458 τέλος
1279 4393 1630 4469 δικαιοσύνης.
