3375 5084
1850 368 1933 425 30

880 542 1231 624 Quatenus
1291 543 1467 604 hanc
1529 541 1861 603 rationem
1922 540 2348 622 philosophis
2413 523 2695 605 Graecis
2751 562 2986 605 recen-

788 659 1099 733 tioribuS,
1167 668 1243 720 ut
1308 657 1605 739 Epicuro
1676 656 1826 718 aliis
1843 705 1857 731 ,
1923 656 2172 720 debeat
2219 657 2551 740 Polybius
2576 707 2590 733 ,
2640 659 2990 740 explicare

789 795 926 838 non
979 749 1371 855 possumus;
1433 793 1657 854 neque
1716 773 1965 835 diserte
2012 773 2175 836 dicit
2219 794 2382 836 num
2436 795 2643 857 quam
2689 775 2990 857 philoso-

789 891 992 973 phiae
1057 889 1481 972 disciplinam
1540 888 1819 970 reliquis
1865 889 2280 971 praetulerit.
2372 890 2548 952 Nam
2594 892 2781 972 quod
2825 890 2988 952 XII.

790 1029 844 1070 c.
916 1012 1026 1071 26c
1087 1007 1336 1070 acerbe
1383 1005 1725 1068 invehitur
1769 1006 1839 1068 in
1883 1006 2175 1088 ineptias
2222 1007 2460 1088 quales
2507 1027 2633 1070 suo
2681 1017 2989 1088 tempore

792 1124 861 1185 in
906 1122 1288 1187 Academia
1333 1121 1628 1184 Athenis
1673 1122 2128 1185 movebantur
2174 1124 2262 1184 ab
2310 1123 2391 1185 iis
2438 1123 2585 1204 qui,
2621 1132 2697 1185 ut
2727 1124 2990 1186 ratione

790 1239 1154 1302 dialectica
1200 1259 1273 1301 se
1323 1247 1750 1312 exercerent,
1797 1238 2151 1300 inutilibus
2198 1238 2745 1301 cavillationibus
2775 1239 2993 1301 incre-

790 1354 1027 1416 dibilia
1075 1351 1413 1415 affirmare
1432 1402 1446 1428 ,
1494 1363 1681 1416 certa
1727 1352 2142 1416 labefactare
2191 1355 2543 1417 studerent
2576 1391 2658 1399 —
2693 1356 2782 1417 ad
2814 1355 2990 1417 haec

789 1490 930 1532 non
975 1469 1341 1551 pertinent.

885 1585 1058 1649 Cum
1120 1585 1394 1667 Polybii
1458 1585 1721 1648 ratione
1782 1585 2313 1667 philosophandi
2374 1587 2810 1650 coniunctum
2856 1596 2961 1649 est
2978 1636 2992 1662 ,

794 1702 982 1783 quod
1029 1700 1238 1763 etiam
1283 1721 1393 1762 res
1440 1701 1749 1777 traditaS,
1798 1702 2071 1784 singula
2101 1700 2283 1765 facta
2312 1702 2721 1786 intellegere
2745 1704 2994 1778 studet,

793 1816 978 1897 quod
1038 1824 1303 1878 tantum
1361 1813 1507 1877 fieri
1562 1835 1766 1897 posse
1816 1816 2133 1898 opinatur
2176 1827 2541 1899 postquam
2586 1819 2991 1901 indagatum

793 1932 880 1994 sit
926 1931 1090 2012 quid
1135 1930 1422 2013 singulis
1467 1932 1692 1994 rebus'
1721 1934 2187 2008 antecesserit,
2222 1935 2386 2016 quid
2419 1934 2620 1997 simul
2653 1944 2723 1998 et
2744 1914 2991 2017 postea

794 2047 1117 2110 acciderit
1163 2046 1215 2128 ¹).
1307 2046 1549 2128 Neque
1596 2047 1761 2110 satis
1806 2047 2065 2110 factum
2111 2069 2261 2111 esse
2308 2049 2374 2112 ei
2417 2050 2691 2113 videtur
2739 2049 2796 2111 si
2840 2050 2993 2131 quis

795 2163 1045 2226 dixerit
1113 2163 1279 2237 „hoc
1339 2163 1510 2225 deus
1566 2162 1795 2238 fecit,”
1852 2163 2061 2239 „illud
2111 2163 2387 2228 fortuna
2433 2165 2731 2229 accidit.’'
2820 2165 2998 2227 Nam

797 2281 897 2342 ita
942 2290 1140 2362 putat
1185 2280 1534 2343 vinculum
1583 2280 1824 2343 revelli
1870 2301 2094 2343 rerum
2111 2330 2125 2356 ,
2173 2283 2359 2363 quod
2406 2291 2670 2345 tantum
2723 2283 2840 2364 qui
2887 2302 3001 2345 co-

801 2397 1121 2480 gnoverit
1138 2446 1152 2472 ,
1215 2418 1254 2460 e
1312 2417 1538 2459 rerum
1584 2407 1935 2480 gestarum
1981 2398 2309 2460 memoria
2353 2419 2587 2462 veram
2632 2399 2999 2462 utilitatem

796 2514 1012 2594 possit
1095 2514 1389 2577 trahere.
1509 2514 1699 2577 Talis
1774 2515 1947 2577 ratio
2024 2515 2270 2597 cuique
2345 2535 2570 2578 rerum
2647 2526 3000 2598 gestarum

800 2630 1112 2712 scriptori
1172 2630 1461 2712 egregia
1509 2632 2011 2694 commendatio
2059 2641 2165 2694 est
2182 2639 2210 2706 ;4
2244 2652 2402 2694 nam
2451 2632 2569 2712 qui
2616 2652 2769 2695 eam
2813 2641 3003 2695 tenet

798 2767 1026 2809 rerum
1101 2756 1453 2829 gestarum
1529 2749 1850 2829 scriptor,
1927 2768 2063 2810 non
2142 2748 2411 2811 omittet
2486 2748 2650 2810 satis
2724 2748 3000 2829 plenam

800 2848 1175 2944 imaginem
1219 2861 1461 2923 lectori
1508 2881 1891 2944 proponere
1939 2863 2264 2944 temporis
2313 2864 2399 2925 de
2444 2884 2582 2946 quo
2616 2873 2798 2945 agat.
2844 2863 3001 2925 Mu-

800 2999 930 3041 nus
1006 2978 1244 3059 optimi
1310 2997 1538 3040 rerum
1605 2979 1951 3060 scriptoris
2013 2989 2118 3042 est
2185 2981 2317 3044 hoc
2335 3029 2349 3055 ,
2418 2989 2496 3043 ut
2556 2990 2713 3043 ante
2778 2979 3006 3042 omnia

803 3113 1009 3174 quam
1063 3093 1357 3175 plurima
1418 3094 1613 3156 nobis
1675 3093 1858 3156 facta
1924 3081 2098 3157 inter
2166 3116 2240 3159 se
2303 3096 2737 3159 cohaerentia
2781 3104 2852 3158 et
2894 3114 3007 3156 res

803 3220 1038 3290 gestas
1096 3190 1416 3272 continua
1461 3209 1846 3273 narratione
1895 3211 2289 3274 coniunctas
2307 3260 2321 3286 ,
2370 3212 2633 3286 tradat;
2681 3211 2777 3273 ita
2823 3210 3004 3272 enim

803 3319 1100 3385 maxime
1174 3324 1392 3386 lector
1460 3324 1869 3415 intellegere
1940 3326 2189 3407 poterit
2258 3326 2603 3408 quomodo
2674 3325 2851 3388 aliae
2910 3345 3006 3387 ex

804 3439 955 3508 aliis
1027 3439 1361 3522 originem
1430 3441 1762 3521 ceperint3
1832 3451 1909 3504 ut
1973 3462 2179 3523 quam
2240 3441 2632 3523 plenissime
2699 3440 3007 3522 explicet

803 3554 1068 3617 indoles
1133 3564 1203 3618 et
1262 3554 1651 3619 voluntates
1669 3605 1683 3631 ,
1742 3557 1949 3620 etiam
1992 3558 2171 3621 vitas
2188 3605 2202 3632 ,
2248 3577 2690 3638 personarum
2708 3606 2722 3632 ,
2770 3576 2998 3618 mores

805 3679 877 3733 et
931 3671 1455 3734 consuetudines
1512 3672 1763 3736 civium
1786 3722 1800 3748 ,
1847 3673 2303 3737 conditionem
2349 3673 2618 3735 urbium
2666 3681 2736 3735 et
2780 3690 3003 3753 popu-

807 3786 1031 3849 lorum
1050 3835 1065 3861 ,
1122 3787 1338 3850 multa
1384 3787 1536 3851 ‘alia
1597 3790 1892 3872 denique
1949 3789 2298 3853 eiusmodi.
2348 3825 2431 3834 -—-
2480 3786 2624 3851 Sed
2668 3786 3011 3869 Polybius

809 3903 1027 3966 credit
1085 3924 1160 3966 se
1222 3904 1320 3967 ita
1380 3905 1730 3968 vinculum
1788 3893 2147 3969 causarum
2209 3914 2280 3968 et
2324 3903 2695 3968 effectuum
2713 3953 2728 3979 ,
2773 3886 3009 3966 rerum

808 4018 1289 4082 necessitatem
1333 4021 1768 4103 perspexisse
1787 4070 1801 4096 ,
1847 4031 1923 4084 ut
1963 4042 2004 4083 e
2034 4020 2506 4102 praesentibus
2538 4019 2744 4082 etiam
2769 4018 3011 4083 futura

811 4134 1209 4214 praedicere
1266 4136 1497 4217 possit.
1589 4135 1883 4199 Omnem
1929 4136 2424 4199 dubitationem
2470 4135 2823 4199 sustulisse
2871 4135 3014 4199 sibi

901 4374 945 4455 l)
985 4377 1052 4439 P.
1093 4379 1194 4435 III.
1241 4397 1293 4436 c.
1341 4397 1410 4453 31
1459 4386 1486 4449 ξ
1535 4397 1639 4451 ῙΙ;
1682 4378 1786 4436 cfr.
1832 4378 1936 4436 ΠΙ.
1985 4397 2058 4452 32
2102 4385 2130 4449 ἓ
2173 4380 2228 4436 6.
