3375 5084
1890 319 2005 377 142

855 502 926 555 et
992 491 1209 554 Laelii
1277 492 1737 555 testimonium
1806 491 1869 553 ei
1937 489 2236 572 praefert
2252 541 2266 566 ,
2334 493 2449 574 qui
2510 493 2715 556 etiam
2775 494 3027 555 iuvenis

855 628 1008 671 cum
1077 606 1395 689 Scipione
1467 607 2054 671 coniunctissimus
2111 606 2329 671 fuerit.
2429 584 2762 690 Polybius
2826 608 2999 671 eni'm
3014 658 3027 683 ‚

852 725 1036 806 quod
1106 734 1261 787 sunt
1328 743 1501 806 quos
1560 723 1816 806 fugerit
1833 773 1847 798 ,
1910 724 2161 787 diserte
2223 724 2386 788 dicit
2444 734 2794 788 auctorem
2838 745 3029 787 suum

851 860 988 902 non
1043 838 1443 902 familiarem
1486 839 1696 902 fuisse
1745 838 2098 921 ScipioniS.
2190 840 2316 904 Ait
2361 841 2540 903 enim
2568 844 2662 924 (c,
2715 862 2746 902 2
2800 846 2830 917 5
2881 862 2915 919 3
2965 850 3029 903 et

852 960 883 1031 ἓ
956 955 1047 1037 5);
1117 976 1343 1018 omnes
1402 956 1518 1038 qui
1579 957 1666 1018 de
1730 953 2051 1037 Scipione
2121 956 2566 1038 scripserunt,
2614 957 3029 1038 aliquantum

851 1092 961 1134 res
1021 1070 1264 1135 fefellit
1282 1120 1297 1146 ,
1359 1073 1545 1154 quod
1597 1071 1910 1135 fortunae
1959 1073 2204 1154 opibus
2252 1094 2411 1136 eum
2457 1093 2728 1155 semper
2770 1093 3029 1156 promo-

853 1197 998 1250 tum
1045 1198 1115 1251 et
1161 1198 1437 1251 auctum
1485 1208 1634 1251 esse
1681 1189 2175 1252 contenderunt
2192 1238 2207 1265 ,
2253 1209 2391 1251 non
2434 1190 2635 1252 insita
2664 1190 2920 1272 ingenii
2950 1190 3030 1250 vi.

851 1302 1288 1377 „Concedunt
1333 1304 1608 1385 quidem
1652 1304 1730 1387 (e.
1782 1325 1816 1382 3
1879 1309 1910 1381 g
1967 1304 2019 1386 1)
2068 1325 2227 1367 eum
2272 1305 2635 1383 liberalem¹
2658 1315 2729 1369 et
2752 1325 3027 1388 magna-

848 1420 1103 1482 nimum
1149 1419 1383 1495 fuisse,
1431 1422 1554 1483 sed
1600 1440 1760 1484 eum
1807 1421 2014 1484 etiam
2058 1420 2265 1485 fuisse
2312 1432 2684 1497 strenuum,
2717 1422 3028 1496 sobrium,

850 1556 1104 1620 magna
1171 1537 1473 1600 sollertia
1539 1538 1608 1601 in
1675 1539 2028 1620 proposita
2095 1539 2599 1602 incumbentem
2619 1588 2634 1612 ,
2697 1539 2768 1601 id
2836 1559 3032 1601 nemo

852 1654 1194 1729 concedit,
1272 1664 1544 1736 praeter
1612 1674 1733 1717 eos
1801 1655 1917 1736 qui
1988 1675 2144 1718 cum
2213 1676 2296 1718 eo
2365 1656 2685 1719 vixerunt
2755 1665 2824 1718 et
2894 1656 3031 1717 eius

849 1770 1202 1853 ingenium
1261 1779 1657 1852 praesentes
1721 1771 2290 1845 observaverunt;
2355 1771 2530 1833 inter
2574 1790 2745 1852 quos
2794 1769 2922 1834 fuit
2967 1769 3032 1833 C.

854 1887 1131 1950 Laelius
1149 1935 1163 1962 ,
1232 1906 1529 1968 quocum
1591 1906 1634 1948 a
1690 1906 1906 1968 puero
1962 1886 2188 1949 omnia
2234 1896 2305 1950 et
2348 1886 2532 1950 facta
2577 1896 2647 1950 et
2693 1907 3031 1949 sermones

854 2024 1071 2085 usque
1148 2003 1236 2064 ad
1305 2012 1686 2065 extremum
1755 2002 1938 2065 diem
2008 2003 2504 2066 communicare
2573 2003 2815 2066 solitus
2888 2002 3032 2066 est.”

850 2119 1185 2202 Equidem
1241 2120 1446 2183 credo
1502 2118 1871 2201 Polybium
1915 2120 2021 2182 his
2065 2120 2295 2182 verbis
2338 2120 2785 2202 potissimum·
2811 2140 3031 2202 repre·

850 2235 1147 2298 hendere
1216 2236 1515 2298 voluisse
1582 2237 1947 2317 scriptores
2007 2236 2122 2317 qui
2185 2256 2340 2299 cum
2395 2235 2610 2299 Fabio
2629 2285 2642 2311 ,
2699 2234 3031 2317 Scipionis

854 2352 1123 2416 inimico
1142 2402 1156 2427 ,
1227 2362 1515 2427 starent;
1564 2353 1609 2415 ii
1657 2354 1836 2415 enim
1884 2351 2275 2433 Scipionem
2321 2373 2643 2417 accusare
2691 2353 3035 2427 solebant3

857 2471 979 2532 sed
1046 2479 1276 2532 tamen
1346 2470 1553 2533 etiam
1619 2470 1832 2552 ipsius
1900 2482 2248 2534 auctorem
2320 2471 2383 2533 ei
2451 2470 2582 2533 hac
2643 2470 2712 2532 in
2772 2490 2846 2532 re
2908 2490 3040 2532 non

853 2583 1258 2648 satisfecisse
1306 2596 1610 2667 apparet.

942 2700 1166 2764 Huius
1213 2701 1509 2764 auctoris
1554 2702 2007 2764 narrationem
2053 2703 2240 2783 apud
2268 2700 2539 2762 Livium
2573 2709 2809 2763 extare
2836 2701 3035 2763 docet

853 2837 1108 2899 magna
1179 2816 1545 2880 similitudo
1608 2817 2021 2898 reliquarum
2081 2816 2419 2897 partium.'
2486 2816 2729 2897 Itaque
2776 2836 2956 2897 quae
3000 2835 3039 2876 a

853 2932 1050 3002 Livio
1120 2934 1205 2994 de
1277 2930 1612 3014 Scipionis
1682 2932 1913 2994 indole
1981 2933 2339 2995 traduntur
2407 2931 2742 3014 (XXVII.
2812 2953 2869 2995 c.
2942 2954 2963 2993 1
2978 2927 3038 3011 9)

855 3068 1107 3130 magna
1152 3069 1243 3110 ex
1286 3058 1482 3129 parte
1529 3048 1753 3111 omisit
1797 3046 2156 3129 Polybius,
2193 3047 2453 3111 scilicet
2492 3068 2650 3110 eum
2681 3067 2806 3129 per
2827 3057 3037 3111 totam

854 3164 1064 3226 vitam
1127 3164 1428 3245 quotidie
1489 3164 1812 3245 quamdiu
1869 3164 2143 3226 Romae
2202 3162 2405 3227 fuerit
2450 3164 2728 3245 aliquod
2772 3173 3037 3255 tempus

858 3281 992 3344 diei
1037 3281 1107 3342 in
1154 3277 1509 3362 Capitolio
1537 3282 1761 3343 solum
1806 3281 2071 3344 trivisse
2091 3329 2104 3356 ,
2160 3281 2485 3344 miracula
2531 3282 2618 3343 de
2663 3280 2875 3344 natali
2920 3300 3036 3343 suo

855 3398 1267 3480 pervulgata
1323 3418 1477 3460 eum
1524 3418 1865 3479 nunquam
1913 3398 2187 3460 diluisse
2205 3447 2220 3475 ‚
2273 3408 2508 3461 contra
2553 3408 2700 3461 arte
2746 3399 3037 3479 quadam

857 3515 1130 3577 auxisse
1148 3563 1161 3589 ,
1226 3514 1361 3576 alia
1423 3514 1771 3577 eiusmodi.
1865 3512 2007 3578 Sed
2068 3535 2272 3576 unam
2331 3534 2474 3576 rem
2519 3513 2851 3596 Polybius
2898 3513 3036 3576 dili-

857 3640 1103 3712 genter
1163 3628 1459 3692 refutare
1517 3639 1832 3705 conatur3
1880 3629 2113 3693 Livius
2160 3630 2340 3692 enim
2387 3630 2480 3693 ait
2524 3650 2601 3692 se
2645 3630 2908 3693 nescire
2955 3649 3037 3691 an

857 3746 1004 3828 ipse
1060 3744 1291 3826 Scipio
1338 3747 1634 3827 quadam
1679 3742 2026 3809 teneretur
2071 3746 2546 3827 superstitione
2589 3741 2662 3825 ¹);
2712 3745 3036 3827 Polybius

861 3864 1209 3926 contendit
1255 3883 1411 3925 eum
1456 3883 1674 3944 aeque
1722 3883 1803 3926 ac
1848 3863 2245 3945 Lycurgum
2291 3863 2489 3926 unice
2537 3863 2606 3924 in
2653 3862 3036 3925 ostentatio-

945 4141 988 4224 l)
1045 4144 1114 4203 C.
1176 4162 1248 4221 19
1307 4188 1343 4219 ‚‚
1396 4142 1519 4204 sive
1561 4154 1621 4202 et
1660 4142 1786 4220 ipse
1828 4142 1990 4220 capti
2031 4143 2295 4220 quadam
2335 4140 2749 4219 superstitione
2791 4138 3007 4200 animi”
3022 4160 3038 4212 3

858 4242 1054 4318 paullo
1108 4251 1274 4318 post:
1334 4243 1560 4318 „multa
1615 4241 1730 4301 alia
1783 4241 2048 4302 eiusdem
2089 4241 2317 4319 generis
2334 4288 2349 4315 ,
2393 4244 2522 4300 alia
2562 4261 2711 4301 vera
2726 4287 2743 4317 ,
2785 4239 2898 4300 alia
2937 4240 3036 4299 ad·

861 4339 1132 4399 simulata
1155 4343 1188 4363 ''
