3375 5084
1346 337 1464 397 115

327 506 507 571 iubet
552 529 825 572 causam
872 511 1056 591 apud
1102 531 1174 572 se
1222 511 1465 574 dicere.
1536 509 1678 575 Sed
1725 513 1937 595 legati
1971 511 2330 595 Saguntini
2358 514 2490 578 hoc

326 621 614 686 facturos
682 645 757 687 se
827 645 976 688 esse
1044 636 1303 708 negant
1318 676 1333 701 ,
1405 637 1640 689 contra
1698 628 2031 692 Romanis
2089 649 2165 692 se
2220 650 2492 692 causam

326 758 508 800 suam
578 720 925 804 dedituros
995 762 1144 805 6556
1206 742 1579 825 (Ῥωμαίοις
1642 743 1894 825 ἔφασαν
1944 743 2320 830 ἐπιτρέψειν
2371 750 2490 828 τὴν

330 850 555 937 δίκην).
645 856 822 919 Tum
869 877 987 920 eos
1032 858 1239 922 iratus
1284 858 1534 923 dimisit
1550 908 1564 934 ,
1611 868 1683 922 et
1727 861 1816 922 ad
1860 858 2240 944 Saguntum
2271 871 2494 924 castra

323 971 547 1035 movit.
598 1008 680 1016 —-
729 972 962 1036 Livius
1006 993 1227 1055 pauca
1270 984 1533 1038 tantum
1576 976 1784 1038 tradit
1828 996 2005 1058 quae
2053 997 2144 1039 ex
2169 976 2489 1060 Appiano

320 1087 635 1150 illustrari
680 1090 963 1164 debent3
1011 1089 1318 1153 XXVII.
1369 1112 1451 1170 39
1486 1091 1574 1174 (in
1606 1093 1910 1155 oratione
1943 1091 2494 1175 Saguntinorum)

323 1223 438 1265 eos
483 1204 784 1269 dicentes
828 1205 992 1271 facit
1036 1207 1373 1270 Turdulos
1418 1218 1688 1272 veteres
1734 1208 1863 1271 sibi
1908 1210 2141 1273 hostes
2181 1230 2348 1285 esse,
2380 1210 2496 1291 qui

320 1319 576 1400 priores
622 1342 890 1404 quoque
938 1323 1181 1386 excidii
1226 1344 1432 1387 causa
1474 1325 1670 1388 nobis
1717 1324 2004 1389 fuerunt.
2096 1325 2303 1389 XXI.
2350 1347 2405 1389 e.
2455 1331 2493 1388 6

320 1435 487 1499 haec
533 1446 794 1500 tantum
840 1438 965 1501 ait:
1014 1439 1384 1502 certamina
1428 1442 1824 1504 serebantur
1875 1462 2030 1505 cum
2046 1442 2494 1517 -Turdetanis;

322 1553 562 1634 quibus
624 1575 777 1617 cum
833 1557 1104 1620 adesset
1156 1556 1338 1619 idem
1383 1557 1500 1639 qui
1543 1557 1679 1620 litis
1726 1568 1873 1620 erat
1919 1567 2104 1622 sator
2124 1607 2138 1634 ,
2184 1580 2312 1623 nec
2358 1579 2494 1622 cer·
2570 1578 2575 1583 ’

321 1672 542 1732 tamen
587 1668 766 1734 iuris
782 1720 797 1746 ,
844 1673 968 1734 sed
1012 1671 1149 1734 vim
1195 1673 1429 1755 quaeri
1474 1685 1863 1754 appareret,
1911 1675 2129 1757 legati
2160 1695 2202 1737 a
2232 1672 2497 1758 Sagun-
2568 1688 2576 1697 ’

320 1784 470 1848 tinis
532 1786 833 1849 Romam
893 1788 1078 1851 missi
1137 1797 1307 1852 sunt.
1399 1789 1640 1871 Itaque
1703 1790 1977 1853 traditio
2024 1791 2345 1855 Romana
2388 1811 2490 1853 ar-

319 1901 591 1965 bitrium
659 1924 702 1965 a
769 1900 1167 1985 Saguntinis
1233 1905 1567 1968 Romanis
1628 1906 1932 1969 delatum
1948 1955 1962 1982 ,
2029 1908 2212 1988 quod
2267 1907 2498 1970 multis

322 2018 509 2081 annis
570 2028 727 2082 ante
781 2018 1035 2083 factum
1090 2029 1237 2084 erat
1253 2069 1268 2095 ‚
1316 2022 1404 2083 ad
1448 2020 1852 2085 Hannibalis
1899 2032 2208 2103 tempora
2252 2022 2462 2085 traxit
2478 2071 2494 2096 ,

322 2143 390 2196 et
433 2154 579 2197 rem
624 2136 713 2197 ad
755 2135 1014 2198 bellum
1061 2156 1215 2198 cum
1260 2136 1579 2201 Turdulis
1625 2148 1898 2219 gestum
1944 2137 2135 2220 (quos
2179 2137 2326 2201 Pol.
2361 2159 2497 2201 non

316 2249 551 2332 novit),
596 2252 955 2314 transtulit.
1025 2251 1356 2334 Polybius
1402 2272 1442 2314 e
1472 2250 1658 2315 fonte
1693 2251 2234 2336 Carthaginiensi
2258 2274 2498 2317 verum

320 2365 637 2429 didicisse
684 2367 848 2429 mihi
893 2367 1177 2431 videtur.

404 2480 630 2545 Etiam
676 2483 848 2545 duos
894 2494 1206 2546 auctores
1252 2484 1382 2546 hac
1428 2483 1497 2545 in
1540 2493 1736 2566 parte
1783 2484 2086 2547 laudavit
2099 2532 2113 2559 ,
2145 2482 2498 2548 Chaerean

319 2607 387 2660 et
449 2596 772 2682 Sosylum
812 2597 855 2682 l)
872 2649 887 2675 ,
947 2601 1033 2662 de
1083 2600 1328 2682 quibus
1376 2620 1530 2663 cum
1574 2601 1824 2663 acerbe
1870 2600 2126 2663 iudicet
2167 2598 2497 2682 Polybius

317 2723 461 2776 tum
529 2715 599 2777 in
665 2717 869 2778 rebus
940 2726 1124 2779 certe
1184 2716 1520 2780 Romanis
1580 2736 1718 2778 non
1776 2736 2098 2799 magnam
2157 2713 2364 2777 fidem
2417 2715 2499 2776 iis

317 2829 571 2895 habuit.
662 2830 758 2893 Hi
805 2832 984 2894 enim
1031 2842 1101 2896 et
1144 2831 1433 2895 fortasse
1480 2831 1596 2895 alii
1641 2841 1954 2895 auctores
1993 2831 2036 2913 2)
2081 2831 2501 2895 tradiderant

314 2956 544 3027 patres
588 2924 972 3020 RomanOS‚
1019 2948 1253 3011 nuntio
1300 2946 1597 3031 Sagunti
1642 2948 1853 3015 deleti
1881 2948 2183 3012 Romam
2214 2946 2498 3029 perlatO,

314 3060 383 3122 in
442 3062 703 3127 curiam
761 3073 1172 3128 convocatos
1224 3074 1370 3127 tum
1414 3065 1687 3127 demum
1733 3066 1820 3127 de
1866 3064 2053 3127 bello
2100 3062 2349 3126 Poenis
2395 3062 2495 3124 in-

316 3176 605 3241 dicendo
667 3179 1084 3242 consuluisse
1100 3227 1115 3256 ,
1179 3190 1249 3244 et
1306 3178 1482 3243 filios
1544 3180 1906 3243 duodecim
1972 3179 2164 3241 annis
2211 3178 2500 3241 maiores

313 3303 479 3356 natu
561 3294 630 3356 in
716 3296 969 3358 curiam
1038 3297 1127 3358 ab
1196 3296 1278 3359 iis
1346 3298 1588 3361 ductos
1658 3317 1809 3359 esse
1880 3304 1950 3359 et
2026 3294 2499 3358 deliberationi
2567 3323 2573 3329 ·

313 3419 671 3489 parentum
733 3410 1113 3474 interfuisse
1157 3409 1216 3492 ³).
1308 3410 1533 3474 Etiam
1593 3412 1933 3501 orationes
1979 3418 2499 3491 composuerant

316 3525 379 3588 ei
440 3535 751 3589 auctores
806 3527 1051 3609 quibus
1106 3547 1231 3611 pro
1278 3528 1464 3590 bello
1517 3537 1587 3590 et
1632 3547 1805 3609 pace
1852 3527 2228 3590 sententiae
2275 3525 2498 3588 dictae

405 3761 447 3842 ι)
490 3763 631 3823 Hoc
679 3762 887 3840 Sosylo
928 3760 1232 3823 Hannibal
1270 3761 1599 3823 litterarum
1642 3763 2008 3822 Graecarum
2031 3780 2190 3826 ,usus
2231 3769 2324 3820 est
2360 3758 2503 3818 doc-

316 3868 441 3920 tore
457 3906 472 3934 ,
532 3870 591 3920 et
633 3879 769 3920 cum
817 3880 889 3920 eo
931 3861 992 3920 in
1032 3861 1239 3921 castris
1278 3861 1387 3922 fuit
1427 3860 1716 3938 simulque
1756 3860 1901 3920 vixit
1944 3858 2228 3937 quamdiu
2268 3858 2505 3917 fortuna

323 3977 497 4034 passa
550 3969 668 4033 est,
725 3961 926 4037 Nepos
980 3962 1181 4019 Hann.
1240 3980 1292 4020 e.
1356 3981 1445 4037 13.
1528 3961 1768 4038 Septem
1814 3958 1974 4020 libris
2022 3977 2113 4019 res
2155 3955 2504 4016 Hannibalis

315 4057 581 4118 absolvit.
667 4057 846 4119 Diod.
888 4060 1109 4119 XXVI.
1154 4078 1206 4119 c.
1251 4080 1308 4134 4.

397 4155 447 4238 2)
489 4159 595 4217 HI.
645 4178 718 4216 20
760 4165 787 4230 ἕ
835 4178 898 4218 1:
942 4163 1066 4221 ἔνιοι
1102 4173 1201 4221 τῶν
1239 4166 1585 4239 συγγραφέων.
1659 4165 1687 4229 §
1732 4175 1798 4234 5:
1842 4168 2059 4219 τοιαῦτα
2093 4169 2193 4218 τῶν
2231 4182 2502 4235 συγγραμ-

316 4263 489 4333 μάτων
529 4257 614 4318 οἶα
647 4264 829 4336 γράφει
862 4264 1087 4338 Χαιρέας
1121 4262 1210 4317 καὶ
1248 4261 1496 4324 Σώσυλος.

402 4351 450 4432 3)
489 4354 552 4414 P.
597 4355 704 4413 ΠΙ.
747 4374 821 4412 20
862 4362 890 4426 ξ
934 4375 1050 4412 2————-
1091 4375 1146 4427 4.
