3375 5084
1820 354 1896 409 52

773 528 1042 591 aliunde
1110 527 1340 608 petitis
1402 536 1664 589 careret
1726 527 2023 607 (πίνακος
2089 526 2231 600 ἑνὸς
2293 526 2401 587 καὶ
2448 523 2674 605 μόνον)
2720 525 2959 586 unicae

772 642 1165 725 pontificum
1227 643 1610 705 auctoritati
1675 662 1751 704 se
1806 643 1969 704 dare
2015 641 2251 703 debuit
2295 641 2433 723 (τὴν
2484 640 2707 707 πίστιν
2757 639 2800 701 οἷ
2817 642 2859 725 β
2878 665 2960 702 α-

773 769 1178 826 σάνιστον
1251 755 1681 839 καταλιπεῖν).
1800 755 2060 839 Quodsi
2142 777 2378 819 verum
2455 766 2586 831 est,
2664 757 2964 820 levitatis

773 876 977 958 culpa
1040 876 1112 938 in
1181 874 1580 938 Ciceronem
1640 874 1816 937 redit
1832 923 1847 949 ,
1910 874 2023 955 qui
2082 894 2219 936 non
2275 873 2827 936 animadverterit
2887 893 2960 935 se

772 994 1109 1056 contraria
1152 993 1454 1055 miscere.
1526 991 1847 1054 Fortasse
1893 970 2224 1072 Polybius
2270 991 2764 1071 discrepantiae
2805 1010 2961 1053 cau-

770 1128 951 1171 sam·
984 1107 1141 1169 huic
1208 1106 1307 1168 rei
1373 1106 1704 1169 tribuerat
1765 1105 1948 1186 quod
2011 1102 2368 1185 pontifices
2429 1103 2688 1185 aliquot
2748 1124 2961 1165 annos

768 1224 923 1305 plus
989 1222 1395 1304 interregnis
1462 1222 1732 1285 dedisse
1802 1221 2140 1295 crederet3
2203 1221 2336 1283 hoc
2400 1218 2709 1283 Ciceroni
2779 1220 2957 1281 male

769 1339 1192 1402 intellectum
1255 1357 1462 1400 causa
1517 1336 1724 1399 fuisse
1771 1337 2041 1399 videtur
2087 1355 2207 1398 cur
2249 1337 2464 1403 verba
2506 1336 2626 1398 illa
2672 1337 2960 1398 obscura

770 1456 1053 1518 adderet
1113 1463 1184 1516 et
1242 1473 1418 1535 quae
1481 1454 1578 1517 ita
1623 1464 1810 1516 certe
1856 1473 1992 1515 non
2037 1473 2081 1514 a
2123 1452 2418 1534 Polybio
2465 1452 2748 1514 oriunda
2793 1452 2959 1517 sint:

778 1571 1046 1652 „paullo
1092 1589 1248 1633 cum
1292 1570 1697 1652 interregnis
1742 1568 1886 1631 fere
1934 1568 2277 1650 ampliuS.'’

859 1686 969 1748 De
1028 1686 1265 1748 tabula
1323 1683 1658 1767 pontificis
1675 1734 1690 1761 ,
1755 1706 1794 1746 e
1856 1704 1991 1766 qua
2034 1684 2208 1747 liber
2253 1684 2514 1746 annalis
2559 1682 2954 1764 pontificum

771 1812 956 1866 ortus
1002 1813 1106 1866 est
1144 1799 1212 1884 ¹),
1259 1802 1670 1884 scripserunt
1717 1800 1956 1865 Cicero
1990 1801 2034 1883 2)
2081 1811 2150 1865 et
2181 1799 2460 1864 Servius
2495 1799 2554 1881 ³).
2603 1799 2954 1875 Pontifex,

771 1920 865 1983 ait
921 1918 1186 1994 Cicero,
1233 1920 1502 1982 solebat
1547 1919 1874 2000 quidquid
1919 1918 2203 2000 singulis
2249 1919 2440 1980 annis
2487 1927 2762 2000 gestum
2809 1926 2955 1979 erat

769 2036 839 2097 in
898 2037 1131 2098 album
1190 2034 1431 2098 efferre
1494 2044 1565 2097 et
1624 2034 1933 2097 tabulam
1991 2035 2174 2097 domi
2237 2034 2323 2117 (in
2370 2034 2564 2116 regia
2609 2034 2697 2095 ad
2741 2032 2962 2095 forum

771 2152 923 2233 sita>
967 2172 1384 2233 proponere;
1432 2152 1661 2232 itaque
1710 2171 1803 2213 ex
1848 2171 1932 2213 ea
1977 2170 2396 2234 cognoscere
2441 2160 2713 2231 poterat
2747 2169 2961 2231 popu·

770 2267 877 2330 lus
938 2287 1047 2329 res
1093 2277 1328 2349 gestas
1372 2264 1744 2350 superioris
1789 2266 1977 2341 anni;
2024 2267 2148 2329 sed
2193 2264 2435 2329 Servio
2480 2275 2556 2328 ut
2600 2266 2715 2347 qui
2762 2285 2960 2328 accu-

860 2476 905 2557 1)
967 2478 1061 2535 De
1122 2474 1359 2552 reliquis
1423 2475 1772 2553 pontificum
1826 2475 2019 2543 libris,
2080 2473 2551 2549 commentariis,
2616 2474 2794 2548 actiS,
2858 2475 2963 2533 cfr.

769 2576 1099 2653 Schwegler
1154 2577 1231 2633 R.
1277 2575 1360 2634 G.
1418 2576 1466 2632 I.
1517 2594 1577 2651 p.
1624 2595 1695 2650 31
1745 2594 1874 2651 sqq.
1960 2575 2280 2632 Hulleman
2321 2574 2359 2631 1.
2402 2574 2440 2631 l.
2486 2594 2543 2650 p.
2593 2594 2665 2631 10
2710 2592 2837 2650 sqq.
2882 2575 2967 2631 H.

769 2676 940 2734 Peter
983 2675 1066 2732 H.
1110 2675 1186 2733 R.
1229 2675 1305 2733 R.
1350 2676 1395 2733 I.
1441 2694 1499 2750 p.
1544 2676 1649 2732 IV.
1697 2693 1825 2750 sqq.
1868 2683 1928 2732 et
1969 2672 2068 2750 qui
2111 2674 2188 2733 ab
2232 2692 2304 2732 eo
2345 2673 2683 2731 laudantur.

852 2772 903 2854 2)
966 2775 1060 2832 De
1122 2773 1228 2832 Or.
1292 2775 1371 2832 II.
1442 2794 1533 2831 12.
1605 2789 1676 2848 52
1740 2782 1906 2848 „erat
1961 2772 2117 2832 enim
2174 2770 2421 2831 historia
2475 2771 2618 2829 nihil
2658 2770 2818 2830 aliud
2859 2770 2971 2831 nisi

771 2871 1070 2930 annalium
1113 2870 1445 2945 confectio;
1491 2870 1657 2930 cuius
1701 2870 1783 2930 rei
1826 2869 2269 2947 memoriaeque
2311 2869 2585 2947 publicae
2628 2870 2970 2929 retinendae

772 2988 954 3029 causa
998 2971 1075 3030 ab
1114 2969 1284 3029 initio
1329 2989 1528 3029 rerum
1569 2971 1984 3029 Romanorum
2026 2987 2214 3045 usque
2257 2970 2336 3028 ad
2376 2970 2442 3027 P.
2480 2967 2750 3028 Mucium
2778 2967 2972 3045 ponti-

770 3070 943 3128 ficem
1021 3067 1345 3126 maximum
1425 3087 1516 3127 res
1588 3088 1794 3128 omnes
1859 3066 2225 3145 singulorum
2288 3087 2582 3127 annorum
2645 3069 2971 3128 mandabat

772 3165 982 3224 litteris
1062 3165 1322 3242 pontifex
1399 3185 1556 3225 max.
1628 3168 2026 3243 efferebatque
2088 3166 2150 3225 in
2211 3167 2410 3226 album
2476 3176 2535 3224 et
2597 3168 2971 3242 proponebat

773 3265 1036 3325 tabulam
1099 3264 1294 3339 domi,
1360 3275 1622 3341 potestas
1687 3276 1754 3324 ut
1808 3277 1959 3326 esset
2015 3267 2240 3344 populo
2300 3265 2734 3343 cognoscendi,
2788 3265 2828 3324 ii
2872 3266 2972 3342 qui

773 3362 949 3422 etiam
1008 3382 1168 3422 nunc
1224 3365 1464 3423 annales
1519 3363 1763 3423 maximi
1824 3365 2224 3425 nominantur.
2308 3367 2488 3423 Hanc
2531 3363 2970 3424 similitudinem

775 3460 1072 3521 scribendi
1112 3461 1283 3520 multi
1325 3461 1512 3521 secuti
1555 3474 1719 3537 sunt,
1764 3463 1866 3540 qui
1894 3463 2016 3524 sine
2047 3463 2173 3523 ullis
2204 3463 2565 3523 ornamentis
2585 3474 2972 3524 monumenta

774 3561 966 3620 solum
1023 3571 1361 3637 temporum
1380 3607 1395 3634 ‚
1446 3562 1785 3634 hominum,
1828 3563 2099 3623 locorum
2142 3575 2559 3640 gestarumque
2603 3583 2800 3622 rerum
2842 3562 2971 3622 reli-

773 3669 1048 3738 querunt.

860 3757 908 3841 ³)
948 3759 1051 3818 Ad
1091 3761 1270 3836 Verg.
1313 3762 1466 3819 Aen.
1511 3761 1557 3818 I.
1605 3777 1751 3837 373:
1816 3762 1908 3818 Ita
1950 3771 2150 3819 autem
2192 3762 2433 3821 annales
2475 3760 2969 3821 conficiebantur:

774 3859 1037 3919 tabulam
1089 3859 1428 3918 dealbatam
1470 3858 1789 3934 quotannis
1831 3859 2094 3935 pontifex
2138 3859 2430 3918 maximus
2472 3858 2709 3933 habuit,
2752 3859 2813 3917 in
2855 3880 2978 3936 qua

775 3955 1154 4034 praescriptis
1196 3958 1506 4017 consulum
1548 3957 1887 4018 nominibus
1927 3967 1985 4017 et
2013 3957 2260 4018 aliorum
2292 3957 2764 4036 magistratuum,
2796 3958 2982 4035 digna

775 4066 1112 4115 memoratu
1151 4066 1363 4117 notare
1404 4066 1796 4116 consueverat
1838 4066 1897 4115 et
1941 4056 2105 4116 domi
2135 4056 2493 4133 militiaeque
2523 4067 2681 4116 terra
2708 4057 2979 4134 marique

775 4164 943 4232 gesta
995 4175 1102 4232 per
1153 4155 1411 4234 singulos
1453 4154 1611 4228 dies,
1656 4154 1821 4214 cuius
1864 4154 2200 4233 diligentiae
2242 4175 2471 4216 annuos
2514 4156 2981 4216 commentarios

774 4253 835 4313 in
877 4255 1100 4313 LXXX
1141 4254 1324 4315 libros
1365 4265 1593 4315 veteres
1637 4255 1988 4314 rettulerunt
2030 4274 2250 4332 eosque
2291 4275 2328 4314 a
2368 4254 2749 4333 pontificibus
2792 4256 2981 4315 maxi—

776 4350 886 4411 mis
928 4371 965 4411 a
1007 4352 1219 4429 quibus
1261 4355 1482 4414 fiebant
1524 4354 1764 4413 annales
1806 4353 2094 4415 maximos
2136 4356 2526 4432 appellarunt.
