3375 5084
1830 370 1913 425 44

768 538 894 624 'qui
939 538 1420 618 philosophum
1466 559 1541 601 se
1583 560 1734 602 esse
1764 538 2195 620 profiteretur
2223 556 2346 600 suo
2371 538 2514 598 iure
2537 536 2668 597 hac
2693 532 2965 594 ratione

780 654 926 735 egit
941 702 955 728 ,
1018 674 1238 735 neque
1299 654 1691 736 philosophi
1751 655 2047 718 muneris
2101 648 2270 716 fines
2314 662 2777 732 transgressus
2823 655 2935 708 est
2955 693 2969 718 ,

778 789 931 832 cum
990 790 1192 832 nemo
1252 771 1497 833 melius
1551 791 1755 852 quam
1800 772 1948 852 ipse
1993 789 2390 852 persuasum
2433 769 2721 830 haberet
2765 763 2965 825 illam

778 885 1103 966 optimam
1162 887 1654 966 rempublicam
1716 887 1988 968 qualem
2048 885 2546 948 informavisset
2611 897 2967 960 nunquam

779 1000 1119 1063 exstitisse
1138 1049 1153 1074 ,
1225 1009 1296 1063 et
1363 1010 1577 1064 totam
1644 1002 1906 1064 ratione
1969 1011 2039 1065 et
2098 1010 2325 1064 mente
2386 1018 2537 1062 eam
2600 992 2970 1065 contineri3

776 1117 1112 1196 quaesivit
1179 1126 1441 1179 tantum
1508 1118 1671 1199 quid
1737 1117 1883 1180 fieri
1945 1126 2179 1199 posset
2193 1165 2208 1191 ,
2271 1115 2434 1199 quid
2486 1110 2847 1196 probabile
2898 1117 2973 1170 et

775 1232 1146 1313 optandum
1207 1242 1404 1296 esset.
1498 1231 1639 1297 Sed
1698 1234 2027 1316 Polybius
2089 1234 2298 1315 longe
2360 1252 2404 1294 a
2468 1250 2632 1292 vero
2679 1224 2973 1290 deflexit

776 1366 931 1409 cum
1015 1345 1379 1410 affirmaret
1451 1348 1630 1411 hunc
1701 1357 1959 1411 certum
2029 1368 2180 1410 esse
2247 1366 2472 1408 rerum
2538 1342 2973 1426 publicarum

780 1463 1015 1525 orbem
1033 1510 1047 1536 ,
1095 1482 1383 1545 eumque
1428 1473 1669 1526 natura
1714 1465 1809 1526 ita
1854 1484 2003 1526 esse
2050 1463 2426 1526 institutum
2444 1509 2458 1534 ,
2505 1459 2799 1540 denique
2842 1474 2977 1517 usu

779 1576 1245 1641 confirmatum
1288 1575 1344 1659 ¹).
1449 1579 1529 1641 In
1604 1579 1970 1660 Polybium
2039 1578 2244 1642 etiam
2313 1577 2563 1640 rectius
2630 1592 2838 1656 quam
2902 1571 2979 1632 in

777 1693 1136 1756 Platonem
1196 1704 1466 1758 vertere
1525 1715 1882 1776 possumus
1943 1695 2125 1776 quod
2185 1693 2597 1757 Aristoteles
2659 1689 2767 1752 vir
2812 1707 2976 1750 acu-

781 1809 1074 1896 tissimus
1141 1818 1328 1872 recte
1396 1810 1466 1872 in
1532 1811 1664 1873 hoc
1726 1811 2163 1891 reprehendit
2229 1806 2586 1885 „nieaedvmv
2637 1803 2698 1868 δ’
2751 1801 2975 1867 οὐσῶν

782 1920 1178 2008 ὀλιγαρχιῶν
1269 1926 1377 1986 καὶ
1461 1922 1949 2009 δημοκρατιῶν,
2020 1927 2105 1999 ὥς
2172 1932 2322 2006 μιᾶς
2392 1929 2583 2007 οὔσης
2655 1917 2978 2000 ἑκατέρας

782 2035 953 2119 λέγει
1024 2045 1137 2112 τὰς
1208 2036 1572 2125 μεταβολὰς
1638 2042 1674 2101 ό
1735 2046 2090 2123 Σωκράτης
2145 2041 2206 2122 ²).
2295 2040 2579 2102 Revera
2635 2035 2981 2117 Polybius

781 2155 927 2236 egit
1001 2156 1192 2236 quasi
1261 2175 1386 2217 eae
1459 2156 1811 2218 civitatum
1878 2156 2136 2219 formae
2204 2174 2474 2236 semper
2540 2154 2833 2216 eaedem
2906 2159 2983 2212 et

782 2278 1167 2332 constantes
1235 2269 1552 2344 fuissent,
1623 2290 1848 2352 neque
1909 2271 2081 2334 vidit
2142 2291 2226 2334 ea
2279 2271 2553 2332 nomina
2599 2265 2980 2348 complecti

778 2384 1303 2446 innumerabiles
1364 2384 1718 2447 civitatum
1783 2382 2031 2446 formas
2048 2433 2062 2459 ,
2110 2403 2394 2465 quarum
2438 2403 2526 2444 ne
2571 2382 2780 2443 binae
2828 2378 2984 2460 qui-

784 2500 942 2562 dem
987 2497 1129 2561 fere
1174 2500 1244 2562 in
1290 2497 1581 2563 Graecia
1627 2499 1881 2562 similes
1926 2498 2225 2562 fuissent.

872 2614 1142 2676 Deinde
1186 2614 1317 2677 hac
1360 2615 1432 2675 in
1475 2635 1550 2677 re
1597 2615 1870 2676 minime
1916 2615 2044 2689 sibi
2092 2623 2402 2676 constare
2448 2613 2727 2674 videtur
2766 2609 2985 2690 Poly-

780 2732 934 2794 bius
951 2777 965 2803 ,
1025 2750 1160 2792 non
1221 2730 1444 2792 solum
1514 2732 1700 2812 quod
1743 2730 2108 2810 septimum
2153 2730 2358 2791 etiam
2405 2727 2702 2791 civitatis
2751 2745 2986 2807 genus

781 2846 1059 2908 inducat
1074 2893 1089 2919 ,
1150 2865 1371 2927 genus
1431 2846 1721 2908 mixtum
1736 2893 1751 2919 ,
1817 2846 1926 2907 cui
1990 2845 2182 2907 locus
2226 2862 2364 2906 non
2410 2851 2515 2905 est
2560 2843 2631 2904 in
2675 2841 2801 2903 illo
2853 2860 2988 2902 sex

785 2960 1154 3025 formarum
1200 2961 1366 3022 orbe
1384 3008 1399 3034 ,
1444 2961 1567 3022 sed
1612 2940 1914 3041 inprimis
1946 2961 2131 3041 quod
2160 2959 2527 3040 septimum
2550 2958 2726 3020 illud
2751 2975 2987 3038 genus

786 3074 991 3135 etiam
1013 3074 1338 3155 perniciei
1361 3094 1498 3135 non
1518 3074 1889 3136 obnoxium
1912 3094 2062 3137 esse
2087 3074 2415 3137 statuerit.
2453 3073 2631 3135 Nam
2657 3092 2822 3135 cum
2847 3071 2989 3132 alia

876 3363 918 3444 ¹)
970 3363 1213 3424 Minime
1271 3364 1556 3424 assentior
1611 3385 1666 3423 v.
1717 3364 1776 3423 d.
1820 3366 2140 3425 La-Roche
2181 3363 2337 3445 (pag.
2389 3365 2489 3446 20)
2531 3366 2685 3424 haec
2728 3364 2994 3425 dicenti:

786 3464 953 3539 „Nur
1009 3464 1151 3522 dasz
1205 3462 1429 3521 scheint
1466 3462 1651 3521 seiner
1694 3463 2102 3540 Anschauung
2141 3463 2599 3540 eigenthnmlich
2642 3464 2773 3523 und
2816 3464 2999 3522 uber-

783 3560 985 3619 rascht
1039 3560 1228 3619 durch
1284 3559 1379 3619 die
1433 3559 1598 3619 Tiefe
1653 3560 1759 3619 des
1799 3561 1946 3619 uber
1990 3560 2186 3620 antike
2229 3561 2999 3638 Geschichtsbetrachtung

759 3661 898 3718 *fast
972 3658 1490 3736 hinausgehenden
1568 3658 1929 3717 Gedankens
1946 3703 1961 3731 ,
2039 3657 2179 3717 dasz
2255 3677 2318 3718 er
2394 3659 2556 3719 diese
2633 3659 3000 3718 staatlichen

785 3756 1425 3834 Entwickelungsfasen
1484 3756 1569 3815 als
1632 3756 1818 3815 schon
1872 3755 2187 3838 mehrmals
2241 3758 2593 3834 dagewesen
2650 3758 2779 3817 und
2831 3758 3001 3818 noch

784 3855 1014 3933 knnftig
1068 3854 1503 3915 bevorstehend
1546 3853 1897 3920 annimmt.”
1979 3854 2057 3910 Et
2097 3855 2296 3929 pauHo
2337 3866 2504 3931 post:
2571 3858 2764 3931 „Man
2807 3856 2997 3926 wird,

786 3975 889 4013 um
945 3953 1158 4030 richtig
1213 3973 1286 4011 zu
1341 3951 1626 4012 urtheilen
1645 3996 1658 4021 ‚
1711 3950 1768 4008 in
1811 3949 2145 4027 derartigen
2187 3951 2426 4012 tieferen
2465 3952 2825 4031 politischen
2867 3956 3004 4015 und

784 4052 1171 4112 historischen
1225 4049 1572 4109 Einblicken
1627 4047 1695 4127 (ἒ)
1749 4046 1912 4105 nicht
1966 4056 2117 4106 etwa
2155 4047 2421 4109 intuitive
2472 4051 3002 4114 Gedankenblitze

785 4151 944 4211 eines
985 4149 1143 4210 seine
1185 4149 1311 4208 Zeit
1352 4144 1802 4223 uberragenden
1845 4143 2068 4203 Genius
2109 4146 2405 4206 erkennen
2433 4150 2708 4208 durfen.”
2773 4152 3000 4228 Neque

785 4268 857 4309 ea
898 4246 1187 4307 sententia
1227 4244 1476 4321 Polybio
1516 4240 1760 4319 propria
1800 4251 1919 4313 est,
1962 4251 2171 4300 contra
2200 4244 2463 4319 Platoni,
2492 4265 2689 4323 neque
2710 4268 2863 4308 vera
2886 4260 3003 4310 est.

869 4345 920 4426 2)
961 4344 1123 4403 Arist
1183 4345 1310 4403 Pol.
1356 4344 1429 4399 V.
1474 4361 1526 4399 c.
1576 4359 1668 4397 12.
