3375 5084
1749 340 1876 398 266

719 525 1066 592 Societate
1128 528 1395 592 divulsa
1457 538 1563 592 est
1578 578 1593 604 ,
1655 529 1851 611 leges
1912 537 2213 592 mutatae
2258 537 2411 592 sunt
2457 527 2493 610 ι)
2510 577 2525 603 ,
2572 529 2901 591 tributum

717 643 995 707 urbibus
1041 644 1428 726 impositum
1473 653 1579 707 est
1595 691 1611 720 ‚
1659 644 1952 708 societas
1996 643 2066 706 in
2111 643 2370 725 aliquot
2412 663 2627 706 annos
2674 643 2900 706 soluta

718 768 823 825 est
837 807 852 834 ,
911 759 1167 822 nummi
1223 759 1488 823 externi
1546 759 1799 822 invecti
1858 768 2015 823 sunt
2029 806 2044 835 ‚
2105 778 2349 824 causae
2392 758 2760 821 nonnullae
2807 758 2898 821 ad

716 883 1104 956 praetorem
1148 875 1540 938 Romanum
1584 875 1721 939 dici
1766 884 2055 957 coeptae
2101 883 2285 950 sunt;
2332 875 2447 956 qui
2489 871 2636 936 fieri
2679 873 2901 955 potuit

715 998 791 1052 ut
851 1010 908 1053 a.
982 1013 1004 1052 1
1020 1011 1105 1068 40
1164 992 1336 1054 haec
1396 990 1538 1055 fere
1596 991 1954 1054 scriberet:
1999 1009 2244 1073 precor
2286 999 2363 1053 ut
2404 1010 2516 1053 res
2559 989 2895 1071 Pelopon-

721 1106 867 1170 nesi
926 1108 1166 1190 quales
1219 1127 1398 1172 nunc
1444 1117 1600 1172 sunt
1644 1108 1895 1171 sensim
1941 1109 2359 1183 coalescant3
2406 1108 2529 1171 sed
2573 1107 2629 1170 si
2674 1125 2900 1169 rursus

716 1223 1138 1287 turbationes
1199 1222 1368 1287 fiunt
1383 1272 1398 1299 ,
1461 1225 1518 1287 si
1564 1222 1814 1308 Sparta
1857 1224 2214 1288 Messeniis
2260 1225 2483 1287 denuo
2529 1223 2890 1305 aliquando

717 1339 999 1420 negotia
1043 1321 1428 1403 exhibitura
1473 1348 1604 1415 est,
1652 1340 1760 1403 his
1790 1340 2143 1403 consilium
2173 1340 2263 1403 do
2287 1349 2364 1404 ut
2383 1339 2893 1421 Epaminondae

712 1452 1043 1517 rationem
1088 1464 1455 1536 sequantur
1499 1454 1778 1519 foedere
1825 1474 1981 1519 curn
2024 1454 2413 1518 Arcadibus
2438 1454 2593 1519 icto,
2642 1453 2891 1518 Contra

712 1578 871 1650 post
946 1591 967 1631 1
983 1592 1067 1648 44
1128 1571 1391 1634 nullum
1452 1571 1808 1635 consilium
1869 1571 1969 1636 eis
2026 1572 2174 1634 dari
2217 1570 2471 1654 potuit,
2517 1569 2647 1632 nisi
2691 1578 2768 1632 ut
2812 1569 2900 1631 ad

710 1694 1096 1767 praetorem
1162 1686 1611 1751 Macedoniae
1680 1708 1757 1751 se
1824 1696 2171 1751 verterent
2236 1687 2389 1770 (vid.
2464 1687 2694 1750 locum
2738 1694 2896 1767 post

709 1801 1034 1867 insertum
1100 1801 1219 1866 HI.
1290 1823 1346 1867 c.
1419 1826 1459 1882 4
1530 1810 1561 1881 ἓ
1625 1804 1705 1886 3).
1797 1803 2139 1869 Credibile
2202 1813 2309 1868 est
2370 1803 2734 1886 Polybium
2779 1821 2897 1865 eos

710 1917 901 1981 locos
959 1938 1095 1981 non
1155 1920 1525 1983 mutavisse
1589 1939 1744 1984 cum
1801 1929 1960 2002 post
2003 1940 2062 1983 a.
2119 1942 2141 1982 1
2157 1942 2242 1998 44
2289 1938 2462 2000 opus
2509 1918 2895 1982 absolutum

709 2042 1109 2097 retractaret
1124 2082 1138 2110 ‚
1185 2054 1340 2099 cum
1386 2056 1512 2099 eae
1543 2036 1965 2101 turbationes
1995 2056 2165 2119 quas
2193 2035 2628 2118 praeviderat
2658 2053 2897 2097 revera

711 2157 902 2211 ortae
965 2158 1193 2213 essent
1251 2150 1390 2231 (III.
1456 2128 1510 2215 c.
1574 2174 1613 2229 4
1660 2156 1694 2228 5
1749 2150 1878 2233 12);
1924 2170 2060 2215 non
2106 2151 2270 2215 item
2316 2169 2437 2216 eos
2481 2159 2643 2213 tunc
2689 2149 2890 2230 scrip·

713 2271 821 2326 tos
869 2284 1039 2328 esse.
1968 2239 1972 2243 .

797 2378 1065 2443 Deinde
1082 2428 1096 2456 ‚
1144 2382 1327 2464 quod
1370 2382 1508 2445 iam
1552 2402 1760 2464 supra
1804 2382 2004 2466 attigi
2021 2430 2036 2457 ,
2082 2382 2754 2446 animadvertendum
2792 2389 2894 2443 est

710 2497 1052 2577 quomodo
1098 2496 1166 2563 in
1209 2495 1343 2560 fine
1390 2498 1615 2580 operis
1660 2499 1748 2562 de
1793 2488 2251 2581 Peloponnesi
2296 2497 2687 2564 calamitate
2731 2496 2893 2560 iudi-

711 2620 822 2674 cet
894 2610 1225 2694 Polybius
1242 2660 1257 2680 .
1326 2613 1627 2695 inprimis
1693 2614 1764 2676 in
1828 2614 2180 2695 prooemio
2244 2614 2400 2680 libri
2474 2611 2891 2676 XXXVIII.

709 2727 784 2809 (c.
864 2727 934 2809 1).
1026 2728 1134 2791 Ibi
1203 2729 1409 2793 etiam
1471 2729 1634 2794 dicit
1693 2731 1746 2813 (5
1813 2741 1882 2792 2a
1942 2730 2107 2813 sqq.)
2153 2731 2418 2794 cladem
2465 2728 2889 2811 Carthaginis

708 2843 892 2906 haud
957 2844 1285 2908 maiorem
1302 2893 1317 2920 ,
1385 2855 1621 2910 contra
1690 2866 1825 2909 una
1890 2867 1964 2910 re
2037 2847 2365 2910 minorem
2424 2844 2629 2909 fuisse
2691 2863 2889 2927 quam

710 2958 1198 3041 Peloponnesi;
1249 2961 1599 3045 Carthago
1641 2963 1822 3025 enim
1866 2982 2141 3046 prorsus
2185 2962 2414 3026 deleta
2444 2971 2550 3025 est
2564 3010 2578 3037 ,
2612 2960 2887 3025 Graecis

712 3075 1085 3157 ignominia
1129 3076 1293 3158 ipsis
1339 3076 1618 3142 ferenda
1631 3127 1646 3154 ,
1692 3077 1848 3142 filiis
1890 3077 2182 3142 filiorum
2226 3079 2555 3142 tradenda
2598 3086 2718 3140 est.
2785 3075 2888 3139 Ita

709 3190 796 3253 de
864 3190 994 3253 hac
1058 3210 1132 3255 re
1194 3192 1490 3256 scribere
1549 3213 1687 3257 non
1745 3193 1966 3275 potuit
1980 3241 1995 3269 ‚
2052 3194 2109 3256 si
2155 3193 2415 3274 aliquot
2457 3190 2650 3255 annis
2693 3194 2887 3253 antea

711 3305 1168 3369 conditionem
1235 3306 1654 3373 Graecorum
1722 3318 1882 3390 post
1941 3307 2336 3372 Corinthum
2397 3308 2694 3370 deletam
2750 3315 2885 3368 tam

708 3420 961 3483 laetam
1007 3439 1158 3485 esse
1205 3425 1465 3487 censuit
1503 3422 1574 3506 ²),
1622 3423 1842 3506 qualis
1886 3423 2035 3487 libr.
2080 3423 2165 3486 II.
2212 3422 2486 3505 depicta
2530 3432 2648 3485 est.
2740 3418 2877 3485 Sed

707 3536 875 3599 nihil
937 3538 1164 3602 obstat
1225 3540 1580 3621 quominus
1635 3541 1991 3604 credamus
2049 3539 2197 3603 libr.
2242 3536 2654 3603 XXXVIII
2683 3537 2880 3618 scrip-

799 3864 840 3947 ¹)
896 3868 1069 3928 Paus.
1126 3871 1261 3931 VH.
1319 3889 1371 3930 e.
1436 3875 1508 3930 16
1563 3878 1592 3943 ἓ
1647 3872 1682 3929 6
1741 3869 2025 3954 (Μόμμιος)
2072 3875 2422 3952 δημοκρατίας
2466 3874 2555 3949 μίν
2605 3875 2850 3930 κατέπαυε
2869 3912 2884 3939 ,

705 3974 1003 4028 καθίστατο
1061 3971 1120 4030 δὲ
1173 3973 1278 4031 ἀπὸ
1327 3976 1625 4050 τιμημάτων
1670 3974 1765 4040 τὰς
1809 3978 1999 4052 ἀρχάς.
2060 3970 2129 4030 C.
2184 3970 2232 4029 I.
2290 3968 2397 4028 Gr.
2460 3981 2645 4042 1543:
2687 3978 2748 4050 τῇ
2783 3972 2884 4025 ἀπο

708 4066 928 4147 δοθείσῃ
968 4076 1079 4134 τοῖς
1111 4063 1348 4147 Ἀχαιοῖς
1380 4071 1481 4129 ὑπὸ
1517 4076 1764 4148 Ρωμαίων
1800 4074 2036 4150 πολιτείᾳ
2075 4065 2218 4149 (vid.
2261 4066 2489 4126 Bekker
2530 4066 2639 4124 III.
2681 4065 2729 4122 I.
2775 4082 2883 4122 122

534 4156 542 4165 ’
590 4225 596 4231 ,
709 4161 847 4219 adn.
894 4159 1054 4242 788).

792 4256 842 4336 2)
895 4261 972 4317 Π·
1033 4274 1128 4335 37·
1190 4277 1220 4335 7
1270 4265 1567 4341 παράδοξος
1601 4264 1821 4334 αὔξησις
1854 4270 1941 4325 καὶ
1979 4270 2351 4345 ουμφρόνησιςς
2396 4282 2449 4323 e.
2495 4263 2570 4340 38
2611 4269 2640 4334 §
2682 4281 2749 4339 9:
2791 4268 2882 4326 τὴν

713 4357 1047 4435 ὑπάρχουσαν
1098 4355 1571 4441 (Πελοποννησίοις)
1622 4364 1976 4441 εὐδαιμονίαν.
2032 4362 2203 4423 Idem
2250 4363 2372 4424 fere
2411 4364 2516 4423 IV.
2563 4382 2590 4421 Ι
2636 4368 2666 4433 §
2709 4361 2884 4439 5—8.
