3375 5084
1715 276 1906 378 '34

772 497 1110 578 ἀναφοράν
1188 532 1270 540 -
1352 521 1407 557 κ.
1472 520 1527 556 τ.
1612 495 1670 555 λ.
1734 489 1793 574 1).
1911 470 2152 574 Neque
2220 492 2453 573 magni
2520 489 2727 554 refert
2797 512 2956 553 eum

772 612 1119 690 interdum
1157 613 1226 681 in
1271 612 1477 673 rebus
1522 630 1700 692 quae
1747 618 1983 672 contra
2025 609 2407 690 opinionem
2440 608 2836 670 acciderunt
2864 609 2951 669 de

777 725 1334 813 δαιμονοβλαβείᾳ
1393 726 1508 789 vel
1555 727 1838 788 deorum
1880 725 2154 787 numine
2192 723 2237 805 ²)
2281 724 2586 786 locutum
2636 743 2815 798 esse,
2859 724 2956 785 in-

775 846 1045 908 terdum
1111 843 1317 906 etiam
1384 842 1465 904 iis
1524 840 1830 903 formulis
1891 841 1992 903 uti
2052 838 2402 921 δαιμονίως
2467 865 2635 919 πως,
2701 844 2859 924 τύχῃ
2910 838 2955 919 ³)

773 962 924 1024 aliis
969 981 1144 1043 quae
1189 959 1393 1040 plane
1439 958 1620 1020 idem
1665 955 2051 1040 significant
2096 957 2281 1038 quod
2325 956 2445 1017 illa
2484 955 2749 1030 „nescio
2792 975 2956 1037 quo-

777 1077 981 1139 modo
1002 1076 1049 1150 ,''
1103 1075 1367 1150 „nescio
1400 1074 1841 1155 quamobrem
1860 1072 1906 1146 ,''
1936 1073 2050 1134 vel
2082 1071 2328 1154 quibus
2366 1071 2619 1134 indicat
2647 1071 2957 1132 homines

779 1193 895 1275 qui
977 1191 1154 1254 tales
1235 1210 1345 1252 res
1432 1188 1809 1264 „fortuitas”
1876 1188 2221 1269 patiuntur
2236 1236 2250 1261 ,
2321 1207 2437 1249 eas
2508 1206 2751 1249 cavere
2819 1205 2956 1248 non

777 1308 1080 1389 potuisse
1141 1307 1432 1388 ideoque
1495 1306 1676 1368 omni
1734 1303 1928 1387 culpa
1985 1303 2441 1390 absolvendos
2487 1323 2636 1364 esse
2674 1301 2735 1383 ⁴).
2826 1300 2958 1363 His

777 1422 1082 1485 formulis
1150 1431 1220 1485 et
1285 1422 1615 1504 Polybius
1684 1441 1891 1502 saepe
1908 1469 1923 1494 ,
1994 1429 2064 1482 et
2133 1439 2367 1481 omnes
2434 1417 2577 1480 fere
2656 1417 2958 1500 quotidie

778 1539 1133 1601 brevitatis
1186 1538 1411 1620 gratia
1454 1546 1762 1610 utuntur,
1807 1555 2030 1617 neque
2077 1553 2486 1616 quamquam
2534 1533 2754 1595 minus
2800 1553 2956 1596 con-

781 1664 1037 1718 stanter
1094 1654 1190 1717 ita
1248 1654 1590 1736 loquimur
1608 1702 1622 1728 ,
1678 1653 1766 1714 ab
1827 1652 1908 1714 iis
1970 1652 2350 1714 cavendum
2406 1659 2511 1712 est
2528 1699 2542 1724 ,
2590 1650 2956 1712 dummodo

779 1792 866 1833 ne
912 1771 1283 1853 quidquam
1328 1768 1653 1831 momenti
1698 1769 1796 1830 eis
1841 1768 2178 1830 tribuatur
2215 1766 2276 1848 ⁵).

874 1885 1252 1950 Ostendere
1314 1895 1595 1948 conatus
1655 1905 1806 1946 sum
1861 1884 2024 1966 quid
2078 1884 2147 1945 in
2193 1882 2512 1945 historiae
2559 1882 2958 1945 scribendae

781 2003 1041 2064 ratione
1100 2001 1372 2083 Polybii
1433 2001 1771 2062 valuerint
1831 1999 2225 2062 traditiones
2281 1998 2650 2079 populares
2697 2006 2766 2059 et
2808 1996 2955 2078 phi—

782 2118 1135 2200 losophiae
1198 2117 1551 2197 disciplina
1612 2136 1818 2197 quam
1864 2114 2169 2197 elegerit.
2261 2113 2574 2176 Vidimus
2620 2114 2765 2175 eius
2809 2112 2956 2193 phi-

782 2233 1163 2315 losophiam
1223 2232 1496 2295 minime
1541 2231 1870 2313 impedire
1916 2230 2274 2311 quominus
2319 2249 2429 2292 res
2474 2238 2755 2291 naturae
2801 2248 2958 2290 con-

783 2358 1108 2432 gruenter
1154 2358 1223 2411 et
1266 2348 1442 2410 inter
1487 2367 1561 2410 se
1609 2347 2053 2409 cohaerentes
2096 2366 2260 2408 vere
2295 2354 2365 2408 et
2393 2346 2597 2427 plene
2629 2353 2955 2425 exponat,

785 2474 1020 2535 contra
1086 2464 1301 2546 vulgo
1372 2484 1528 2525 eum
1586 2463 1866 2525 incitare
1928 2463 2016 2524 ad
2075 2463 2351 2544 plenam
2405 2461 2728 2542 temporis
2774 2460 2960 2541 quod

785 2581 1106 2644 describit
1155 2580 1538 2665 imaginem¹
1570 2577 2076 2641 informandam.
2168 2577 2270 2639 Eo
2317 2577 2537 2659 magis
2580 2577 2712 2638 hoc
2757 2576 2958 2637 inter-

786 2705 961 2770 erat,
1047 2696 1261 2778 quod,
1346 2704 1423 2757 ut
1491 2696 1851 2757 ostendere
1920 2694 2250 2767 conabor,
2322 2713 2406 2755 ea
2470 2711 2628 2772 pars
2687 2691 2758 2753 in
2824 2711 2963 2773 qua

785 2811 990 2892 plane
1052 2831 1095 2872 a
1154 2831 1320 2872 sana
1363 2810 1624 2872 ratione
1672 2808 2032 2873 deflexisse
2077 2808 2242 2873 mihi
2274 2808 2557 2870 ⁴videtur
2601 2806 2931 2888 Polybius
2950 2854 2965 2880 ,

795 2964 1025 2972 ——-——-
1036 2965 1155 2971 .-.-.--

874 3044 909 3120 ¹)
953 3043 1184 3105 Ibidem
1225 3051 1254 3116 ς
1297 3066 1355 3117 4.
1919 2997 1999 3103 Q

865 3141 915 3221 2)
956 3145 1021 3202 P.
1066 3144 1355 3202 XXXVII
1420 3162 1471 3200 c.
1518 3164 1556 3215 4
1596 3149 1625 3214 ξ
1673 3164 1779 3216 12;
1821 3145 1934 3207 XL·
1973 3161 2024 3215 c.
2076 3162 2152 3215 24
2192 3149 2219 3213 §
2262 3143 2330 3215 83
2374 3142 2592 3200 XXIV.
2638 3160 2688 3198 e.
2737 3141 2773 3198 8
2814 3147 2841 3210 ξ
2878 3160 2972 3211 14.

869 3240 916 3321 3)
958 3243 1178 3300 XXIX.
1225 3261 1276 3299 e.
1328 3261 1394 3298 11
1442 3249 1469 3312 ξ
1517 3261 1585 3298 12
1631 3240 1786 3300 alibi.

866 3337 916 3419 4)
958 3341 1182 3398 XXIV.
1240 3359 1291 3397 c.
1346 3340 1382 3397 8
1425 3346 1452 3410 §
1501 3360 1526 3397 1
1574 3349 1634 3398 et
1682 3360 1786 3413 123
1830 3341 2082 3399 XXVII.
2127 3359 2178 3398 e.
2231 3359 2304 3412 14
2344 3346 2371 3410 §
2415 3360 2482 3412 43
2524 3339 2729 3396 XXIX
2770 3356 2822 3394 c.
2868 3337 2971 3409 6d3

783 3440 860 3497 H.
905 3458 955 3496 c.
1005 3455 1034 3511 7
1081 3445 1108 3509 §
1154 3459 1185 3496 2
1231 3457 1358 3513 sqq.
1412 3439 1536 3497 Pol.
1580 3457 1674 3514 ap.
1721 3437 1847 3497 Liv.
1890 3440 2104 3496 XLIV.
2150 3458 2200 3496 e.
2247 3458 2324 3510 40
2365 3438 2535 3511 med;
2565 3439 2630 3495 P.
2661 3439 2784 3496 XL.
2817 3455 2870 3493 e.
2897 3455 2972 3511 13

783 3548 842 3596 et
925 3556 1119 3595 ass1m.

868 3557 924 3716 51))
959 3634 1080 3696 Ubi
1139 3637 1214 3695 de
1256 3636 1432 3694 rebus
1474 3634 1652 3712 gestis
1694 3648 1785 3704 τῆς
1821 3643 1984 3716 τύχης
2002 3683 2016 3708 ,
2064 3636 2140 3694 de
2180 3634 2386 3712 poenis
2427 3654 2464 3693 a
2504 3643 2639 3718 τύχῃ
2685 3630 2975 3709 impositis

784 3734 1047 3812 loquitur
1089 3732 1402 3811 PolybiuS‚
1449 3734 1657 3793 eadem
1702 3732 1884 3793 utitur
1918 3733 2353 3810 prosopopoeia
2381 3753 2533 3810 quae
2559 3732 2731 3792 nobis
2760 3731 2976 3791 usitata

784 3845 889 3894 est.
977 3835 1095 3894 Cfr.
1158 3844 1393 3910 praeter
1446 3835 1611 3892 locos
1665 3832 1941 3892 laudatos
1983 3834 2030 3891 I.
2075 3853 2113 3906 4
2154 3839 2183 3904 ξ
2230 3854 2292 3906 13
2335 3842 2394 3891 et
2435 3840 2462 3903 ξ
2505 3852 2543 3905 4
2557 3854 2572 3905 ;
2618 3834 2663 3889 Ι.
2709 3833 2817 3904 84,
2866 3851 2974 3905 103

784 3935 857 3991 ΙΙ,
926 3954 982 4006 4.
1051 3954 1120 4009 33
1181 3934 1407 3991 XVIII.
1471 3953 1559 3991 12.
1623 3953 1690 4006 ²3
1746 3933 1879 3990 XV.
1935 3951 2027 3990 21.
2082 3952 2149 4007 33
2190 3933 2440 3990 XXXII.
2489 3945 2596 3990 20a
2636 3940 2695 3990 et
2735 3928 2975 4006 passim.

787 4031 1087 4092 Dissentio
1145 4052 1180 4090 a
1235 4031 1662 4090 Markhausero
1705 4028 1836 4110 (der
1878 4029 2352 4089 Geschichtschr.
2395 4031 2520 4089 Pol.
2540 4073 2554 4101 ‚
2598 4029 2757 4088 seine
2796 4029 2979 4087 Welt-

782 4131 1173 4209 anschauung
1213 4131 1339 4189 und
1381 4130 1735 4189 Staatslehre
1754 4174 1767 4200 ,
1811 4129 2114 4188 Munchen
2163 4129 2339 4210 1858)
2382 4149 2441 4206 p.
2492 4148 2604 4201 114
2621 4173 2635 4199 ‚
2679 4126 2781 4204 qui
2802 4126 2978 4202 Poly-

785 4227 952 4287 bium
1015 4248 1135 4288 non
1197 4227 1372 4287 fuisse
1429 4231 1589 4289 ἄθεον
1646 4225 1713 4307 (1)
1770 4226 1852 4285 ita
1907 4227 2161 4303 probare
2218 4227 2417 4286 studet
2435 4272 2449 4299 ,
2493 4225 2656 4302 quod
2699 4224 2981 4285 ostendat

786 4346 922 4385 eum
963 4346 1308 4403 persuasum
1349 4327 1567 4386 habere
1608 4326 1861 4386 existere
1903 4327 2078 4386 deam
2120 4327 2418 4385 fortunam
2434 4370 2449 4400 ,
2501 4333 2689 4406 τύχην.
