3375 5084
1408 334 1488 407 63

359 522 725 604 scriptores
771 523 996 604 gentis
1043 542 1206 585 suae
1251 521 1543 604 gloriam
1590 542 1847 604 augere
1879 523 2244 585 studebant
2264 523 2551 604 prolatis

358 638 830 702 traditionibus
876 658 1045 719 quas
1091 658 1131 700 e
1176 638 1437 700 tablino
1481 638 1710 720 gentis
1755 657 1919 701 suae
1965 648 2440 719 prompserant
2476 635 2551 719 ¹),

360 755 458 818 sic
504 775 641 817 non
683 753 930 817 frustra
974 774 1099 835 per
1148 763 1366 817 totum
1411 763 1681 836 tempus
1725 753 2142 836 reipublicae
2186 754 2551 817 Romanae

360 890 609 933 nomen
666 869 1044 932 Fabianum
1106 870 1309 933 toties
1364 870 1647 933 recurrit
1693 870 1969 932 summis
2016 871 2102 932 de
2149 870 2373 951 patria
2416 890 2553 932 me-

362 986 505 1049 ritis
553 985 842 1069 fulgens,
919 985 1030 1048 Ex
1074 1006 1158 1049 eo
1204 986 1464 1049 tablino
1478 1034 1492 1061 ,
1540 987 1748 1049 credo
1766 1034 1781 1060 ,
1827 985 2129 1067 inprimis
2175 1005 2295 1048 eas
2326 1005 2551 1048 narra·

361 1102 579 1165 tiones
625 1101 972 1185 longiores
1010 1101 1054 1183 ²)
1101 1121 1268 1184 quas
1315 1101 1483 1177 dixi,
1532 1102 1620 1164 de
1665 1101 1944 1183 proeliis
1960 1150 1975 1176 ,
2022 1101 2321 1164 victoriis
2341 1149 2356 1176 ,
2403 1101 2555 1163 aliis

362 1220 567 1281 rebus
612 1220 701 1281 ab
749 1218 895 1280 avis
941 1217 1079 1280 suis
1124 1218 1341 1301 gestis
1387 1217 1832 1299 deprompsit.

455 1333 554 1396 At
598 1331 743 1396 fieri
787 1352 924 1395 non
967 1342 1197 1414 potest
1242 1333 1403 1414 quin
1448 1333 1622 1395 alius
1672 1332 1879 1396 etiam
1909 1331 2112 1396 fuerit
2140 1331 2357 1395 Fabio
2387 1331 2556 1406 fonS,

360 1470 565 1531 quem
627 1449 761 1512 illis
822 1451 1027 1513 rebus
1092 1470 1132 1513 e
1198 1450 1425 1531 gentis
1472 1469 1636 1512 suae
1683 1450 1942 1512 tablino
1988 1448 2219 1530 petitis
2266 1448 2560 1530 explerit

363 1566 639 1647 quidem
656 1615 671 1641 ,
732 1567 856 1629 sed
919 1566 1034 1648 qui
1079 1576 1403 1647 tanquam
1449 1564 1966 1628 fundamentum
2012 1565 2075 1627 ei
2123 1574 2306 1628 esset
2350 1565 2559 1628 totius

364 1682 592 1763 operis
609 1729 624 1755 ,
674 1691 743 1744 et
787 1682 968 1744 unde
1014 1682 1187 1744 ratio
1233 1681 1465 1744 brevis
1513 1660 1584 1744 et
1630 1681 1833 1744 exilis
1879 1681 2225 1743 annalium
2269 1681 2358 1744 ad
2404 1700 2560 1744 eum

360 1795 814 1878 perfluxisset.
906 1795 1216 1858 Annales
1274 1796 1611 1858 maximos
1672 1795 1880 1859 fuisse
1925 1796 2105 1859 hunc
2150 1794 2408 1859 fontem
2425 1845 2440 1872 ,
2487 1806 2562 1859 ut

364 1921 600 1974 censet
669 1932 823 1974 cum
892 1911 1042 1974 aliis
1109 1911 1398 1974 Peterus
1438 1911 1481 1993 ³)
1499 1960 1513 1987 ,
1577 1911 1714 1974 iam
1780 1911 1936 1975 ideo
1981 1912 2376 1993 negandum
2422 1921 2528 1974 est
2544 1960 2559 1987 ,

368 2029 551 2109 quod
608 2028 672 2090 ei
717 2029 1019 2090 nondum
1063 2027 1133 2090 in
1178 2027 1403 2090 lucem
1449 2027 1613 2091 editi
1662 2037 1857 2090 erant
1903 2047 2057 2091 cum
2102 2027 2354 2090 Fabius
2400 2028 2561 2091 scri-

366 2144 578 2207 beret.
702 2141 844 2207 Sed
927 2163 1014 2206 ne
1091 2143 1162 2205 id
1237 2143 1511 2225 quidem
1586 2143 1944 2224 probabile
2020 2143 2290 2206 videtur
2312 2192 2327 2219 ‚
2405 2163 2561 2206 eum
2616 2164 2624 2181 ·

366 2260 614 2323 adiisse
661 2260 1182 2323 commentarios
1227 2260 1382 2322 illos
1429 2262 1516 2323 de
1560 2260 1808 2341 quibus
1854 2260 2023 2335 dixi,
2056 2280 2099 2323 a
2129 2258 2563 2342 pontificibus

365 2386 512 2439 tum
581 2386 904 2439 servatos
1027 2376 1311 2458 Regum
1379 2386 1692 2458 tempora
1760 2376 2015 2439 Fabius
2082 2376 2229 2457 ipse
2296 2375 2562 2457 plenius

369 2493 790 2555 enarravisse
835 2493 1177 2574 putandus
1224 2502 1328 2555 est
1373 2512 1575 2573 quam
1623 2493 1687 2554 ei
1734 2492 1922 2568 libri;
1969 2500 2154 2555 certe
2194 2512 2285 2554 ex
2317 2493 2560 2554 eodem

365 2608 555 2672 fonte
572 2658 587 2684 ,
648 2609 1012 2672 traditione
1071 2609 1385 2692 populari
1447 2610 1687 2672 eadem
1753 2618 1989 2690 petere
2035 2608 2274 2689 potuit.
2366 2606 2561 2690 Quae

370 2745 463 2787 ex
521 2725 943 2807 temporibus
1003 2725 1420 2807 reipublicae
1468 2725 1909 2788 continebant
1955 2725 2019 2787 ei
2065 2724 2559 2798 commentarii,

366 2841 771 2922 plerumque
851 2862 960 2904 res
1036 2861 1271 2904 sacrae
1348 2840 1557 2905 fuisse
1633 2841 1979 2916 videntur,
2058 2861 2235 2922 quae
2309 2840 2565 2903 exilem

368 2957 723 3020 materiem
790 2959 1199 3039 praeberent
1268 2977 1493 3020 rerum
1555 2967 1907 3039 gestarum
1966 2957 2277 3040 scriptori
2295 3005 2309 3032 ,
2357 2976 2560 3037 quam

365 3073 494 3136 vix
562 3094 602 3136 e
669 3093 923 3157 magna
988 3074 1170 3138 mole
1233 3094 1471 3137 eruere
1533 3083 1603 3137 et
1663 3074 2062 3156 conquirere
2121 3073 2452 3156 potuisset
2498 3071 2562 3154 ⁴).

364 3188 676 3251 Eandem
749 3190 838 3253 ob
902 3209 1177 3253 causam
1237 3200 1377 3253 tam
1441 3198 1664 3272 pauca
1718 3191 2060 3253 annalium
2113 3189 2564 3252 maximorum

367 3326 549 3369 nunc
597 3315 837 3370 extant
880 3309 1067 3387 apud
1111 3307 1468 3371 Romanos
1513 3317 1828 3371 auctores
1873 3307 2276 3371 testimonia.

459 3419 602 3485 Sed
674 3420 831 3485 fasti
899 3423 1290 3487 consulares
1357 3423 1554 3487 Fabii
1622 3433 1934 3506 tempore
2001 3424 2136 3486 iam
2205 3423 2274 3485 in
2342 3423 2563 3485 lucem

462 3763 504 3845 ¹)
544 3763 672 3824 Liv.
716 3765 882 3825 VIII.
926 3785 1004 3837 40
1045 3772 1173 3844 §4

453 3862 505 3944 2)
546 3864 668 3923 Cfr.
725 3865 1057 3941 Schwegler
1115 3865 1161 3923 I.
1218 3884 1279 3941 p.
1330 3881 1435 3941 15:
1498 3864 1777 3940 „Ebenso
1821 3862 2046 3923 scheint
2087 3863 2193 3922 der
2234 3860 2569 3920 unverhalt-

364 3962 711 4040 nissmassig
770 3962 1166 4023 ausfuhsliche
1228 3963 1466 4022 Bericht
1483 4009 1499 4037 ,
1563 3965 1677 4022 den
1730 3962 1930 4029 Livius
1969 3962 2053 4020 im
2107 3962 2357 4021 zehnten
2398 3959 2566 4018 Buch

280 4068 285 4071 *
364 4062 517 4121 uber
560 4060 657 4120 die
697 4062 997 4139 Feldznge
1035 4063 1142 4121 des
1184 4061 1261 4136 Q.
1303 4061 1523 4122 Fabius
1564 4061 1865 4121 Maximus
1906 4052 2215 4121 Rullianus
2258 4058 2438 4137 gicht,
2460 4076 2567 4117 aus

361 4159 1203 4238 Familien·Aufzeichnungen
1248 4160 1556 4238 geschopft
1599 4182 1671 4220 zu
1714 4159 1856 4220 sein.

455 4257 504 4340 3)
544 4260 581 4317 l.
625 4259 664 4316 1.
707 4279 767 4335 p.
810 4260 1115 4318 LXXXH.

451 4358 504 4440 4)
546 4360 668 4420 Cfr.
712 4359 1044 4436 Schwegler
1087 4359 1164 4416 II.
1207 4378 1263 4435 p.
1313 4358 1369 4416 8.
