3375 5084
1412 356 1531 412 119

470 525 614 587 Liv.
684 524 957 587 XXHI.
1029 546 1083 589 e.
1161 532 1235 589 16
1308 529 1385 609 (a.
1455 527 1617 610 216).
1712 528 1945 610 Capua
2005 531 2093 591 ab
2163 498 2554 593 Hannibale

380 651 615 723 capta,
681 662 834 704 cum
896 641 989 704 M.
1050 642 1280 705 Iunius
1335 644 1626 707 dictator
1685 646 1775 707 ad
1822 644 2138 708 Casinum
2186 646 2560 709 exercitum

377 758 665 820 haberet
681 807 695 833 ‚
742 758 1113 820 Marcellus
1157 769 1433 840 praetor
1476 760 1726 824 Nolam
1764 761 2003 824 missus
2035 763 2160 823 sub
2192 763 2560 825 adventum

376 874 673 937 hostium
718 874 892 937 intra
936 894 1164 937 muros
1209 896 1283 938 se
1327 877 1604 958 recepit.
1675 877 2021 940 Hannibal
2069 898 2222 940 cum
2250 879 2559 941 crederet
2672 957 2675 960 .

376 991 654 1072 plebem
698 990 1033 1053 Nolanam
1080 1012 1310 1054 secum
1355 991 1685 1055 facturam
1733 1012 1882 1056 esse
1928 995 2017 1056 ad
2062 1014 2289 1056 muros
2334 1014 2560 1056 acces-

378 1108 468 1170 sit
539 1117 608 1170 et
677 1117 1078 1189 apparatum
1140 1111 1642 1192 oppugnandae
1706 1110 1890 1172 urbis
1949 1109 2194 1173 adferri
2240 1131 2278 1172 e
2326 1111 2560 1173 castris

376 1224 600 1300 iussit3
659 1234 802 1287 tum
848 1225 1148 1287 Romani
1193 1226 1442 1288 milites
1490 1248 1528 1289 e
1576 1227 1791 1289 tribus
1836 1227 2034 1289 simul
2080 1227 2293 1309 portis
2340 1247 2559 1289 erum-
2626 1300 2630 1304 .

374 1349 548 1421 punt
608 1350 680 1402 et
736 1341 806 1402 in
867 1341 1244 1404 exercitum
1302 1341 1690 1404 Poenorum
1738 1345 2006 1406 turbam
2053 1343 2349 1424 aliquam
2393 1342 2557 1405 infe-

375 1466 562 1532 runt;
609 1455 957 1520 Hannibal
1001 1459 1235 1538 paullo
1266 1468 1423 1540 post
1454 1479 1576 1540 spe
1599 1460 1967 1541 potiundae
1991 1459 2212 1522 Nolae
2238 1461 2559 1541 adempta

373 1573 608 1654 copias
669 1573 827 1636 inde
888 1575 1192 1637 abduxit.
1257 1612 1339 1620 —-
1395 1574 1506 1637 De
1551 1574 1681 1638 hac
1727 1595 1801 1638 re
1847 1575 2081 1638 Livius
2100 1624 2114 1649 ‚
2170 1575 2326 1651 „vix
2373 1576 2559 1659 equi-

372 1691 532 1751 dem
550 1738 564 1764 ,
634 1689 880 1770 inquit,
951 1690 1168 1753 ausim
1228 1689 1583 1753 adfirmare
1602 1740 1615 1766 ‚
1679 1692 1865 1772 quod
1925 1691 2199 1773 quidam
2246 1701 2557 1754 auctores
2605 1721 2608 1725 ’

374 1814 561 1880 sunt,
623 1811 795 1867 2800
857 1806 1154 1879 hostium
1201 1827 1437 1869 caesos
1483 1826 1619 1869 non
1664 1807 1820 1887 plus
1866 1806 2254 1889 quingentis
2299 1807 2557 1869 Roma-

370 1940 616 1983 norum
677 1922 994 1984 amissiS.''
1086 1919 1268 1985 Sane
1327 1923 1569 1985 eadem
1624 1942 1735 1985 res
1783 1923 1896 1985 vel
1940 1923 2142 2004 plane
2192 1923 2424 1985 similis
2470 1924 2559 1985 ad

370 2035 588 2098 multa
648 2036 783 2098 alia
842 2035 1082 2099 Italiae
1145 2038 1398 2118 oppida
1443 2037 1815 2100 Hannibali
1861 2039 1992 2100 hoc
2038 2038 2226 2100 bello
2274 2038 2556 2114 accidit;

370 2151 468 2214 sic
541 2151 705 2233 (Liv.
776 2172 831 2214 c.
903 2152 1001 2233 18)
1062 2148 1350 2234 parvum
1409 2154 1820 2235 praesidium
1881 2153 2156 2217 Casilini
2205 2154 2556 2234 eruptione

265 2284 269 2287 ’
368 2266 555 2330 facta
617 2269 848 2349 copias
909 2267 1313 2331 Hannibalis
1374 2270 1463 2331 ab
1510 2269 2024 2351 oppugnatione
2073 2270 2399 2332 desistere
2447 2290 2556 2333 co-

370 2384 509 2466 git;
586 2384 962 2466 insequenti
1038 2405 1213 2448 anno
1300 2386 1378 2469 (a.
1461 2404 1583 2463 215
1605 2434 1619 2460 ,
1688 2385 1834 2447 Liv.
1907 2406 1962 2448 c.
2036 2386 2140 2467 37)
2209 2384 2558 2449 Gracchus

370 2501 728 2581 eruptione
773 2500 954 2565 facta
1000 2523 1042 2565 a
1090 2502 1319 2566 Cumis
1365 2502 1824 2565 Hannibalem
1857 2503 2242 2583 propulsat;
2270 2503 2356 2564 ad
2390 2524 2411 2563 1
2427 2523 2555 2580 300

371 2615 970 2699 Carthaginienses
1032 2619 1216 2682 caesi
1276 2626 1347 2681 et
1410 2638 1491 2697 59
1535 2618 1696 2680 *vivi
1754 2617 1936 2699 capti
1954 2666 1967 2692 ‚
2015 2618 2101 2679 de
2149 2617 2392 2698 quibus
2437 2637 2553 2679 nu-

367 2733 575 2795 meris
618 2753 757 2795 non
801 2734 1020 2796 minus
1066 2754 1269 2816 quam
1316 2735 1402 2797 de
1447 2734 1567 2796 illo
1614 2733 1924 2795 dubitare
1970 2733 2218 2795 licebit.
2290 2732 2552 2794 Eodem

369 2869 549 2911 anno
613 2848 778 2932 (Liv.
842 2871 897 2912 c,
961 2847 1066 2930 44)
1111 2849 1360 2912 Nolam
1406 2850 1629 2912 denuo
1673 2846 1920 2911 frustra
1968 2857 2321 2930 oppugnat
2366 2848 2550 2910 Han-

365 2965 588 3040 nibal;
658 2965 958 3028 Romani
1024 2986 1150 3047 per
1220 2965 1641 3047 eruptionem
1715 2986 1844 3043 300
1907 2966 2199 3027 caedunt
2216 3013 2230 3039 ,
2290 2963 2420 3046 ipsi
2469 2984 2551 3041 50

368 3082 619 3144 milites
664 3082 996 3145 amittunt.
1065 3081 1270 3145 Anno
1322 3103 1353 3143 2
1372 3104 1394 3143 1
1408 3105 1447 3160 4
1479 3081 1644 3165 (Liv.
1678 3080 1952 3144 XXIV.
1987 3102 2040 3144 e.
2078 3104 2100 3142 1
2116 3080 2176 3162 3)
2207 3080 2553 3143 Hannibal

366 3174 667 3260 triduum
742 3198 830 3259 ad
904 3197 1229 3260 Puteolos
1304 3208 1604 3261 moratus
1622 3247 1636 3273 ‚
1716 3218 1871 3260 cum
1941 3198 2028 3259 ab
2101 3197 2283 3259 omni
2357 3206 2551 3280 parte

365 3313 615 3376 frustra
692 3314 1165 3395 temptavisset
1230 3315 1643 3396 praesidium
1660 3364 1674 3390 ‚
1745 3335 1819 3377 re
1887 3313 2139 3378 infecta
2211 3313 2394 3377 abiit.
2466 3351 2548 3358 —-
2615 3322 2620 3327 “

370 3429 621 3494 Omnia
688 3432 860 3493 haec
929 3430 1200 3512 incepta
1262 3431 1440 3493 male
1504 3441 1852 3494 cesserunt
1911 3430 2313 3505 Hannibali;
2369 3430 2551 3510 quod

312 3590 315 3593 ι
365 3546 659 3628 primum
705 3567 796 3609 ex
841 3546 922 3608 iis
970 3547 1222 3622 evenit,
1271 3567 1327 3610 a.
1381 3553 1505 3610 216
1554 3548 1641 3609 ad
1686 3546 1935 3609 Nolam
1955 3594 1969 3620 ,
2017 3547 2171 3608 ideo
2218 3545 2551 3608 Romanis

367 3682 585 3746 grave
634 3672 703 3725 et
747 3662 1189 3725 memorabile
1235 3662 1385 3738 fuit,
1436 3664 1619 3745 quod
1664 3672 1809 3725 tum
1854 3662 2144 3743 primum
2189 3669 2346 3743 post
2378 3660 2549 3724 Can-

366 3799 492 3842 nas
551 3778 799 3842 milites
851 3778 1162 3842 ¹Romani
1222 3779 1471 3842 Poenis
1531 3798 1857 3860 prospere
1917 3778 2306 3842 restiterunt
2344 3773 2386 3858 1)
2404 3825 2418 3851 ,
2480 3784 2551 3839 et
2656 3813 2663 3820 ·

463 4067 503 4147 ¹)
555 4065 755 4127 Livius
810 4065 1059 4148 (XXIII.
1112 4086 1164 4126 e.
1214 4065 1312 4148 16)
1354 4066 1498 4143 „sed
1542 4065 1661 4125 sive
1703 4075 1870 4124 tanta
1911 4063 2032 4124 sive
2073 4062 2267 4123 minor
2305 4062 2555 4124 victoria

369 4165 481 4225 fuit
502 4213 516 4240 ‚
579 4166 785 4245 ingens
848 4185 919 4226 eo
974 4164 1070 4226 die
1124 4184 1218 4225 res
1272 4185 1345 4225 ac
1398 4165 1598 4226 nescio
1639 4184 1716 4224 an
1756 4163 2016 4223 maxima
2056 4163 2153 4222 illo
2194 4164 2349 4223 bello
2390 4173 2556 4242 gesta

366 4265 466 4334 sit,
532 4287 653 4326 non
715 4265 871 4325 vinci
927 4265 1083 4325 enim
1139 4266 1216 4325 ab
1271 4266 1609 4325 Hannibale
1665 4251 2034 4325 vincentibus
2085 4261 2373 4337 difficilius
2411 4261 2519 4322 fuit
2536 4310 2550 4338 ,

366 4385 546 4442 quam
589 4375 795 4444 postea
836 4363 1127 4424 vincere’'.
1204 4364 1311 4424 Cic
1371 4365 1534 4423 Brut.
1584 4384 1639 4440 3.
1688 4384 1793 4422 12:
1838 4372 2056 4440 „atque
2097 4373 2193 4436 ut,
2237 4373 2373 4441 post
2413 4366 2551 4423 can-
