3375 5084
1799 304 1915 376 198

866 485 1283 569 Scriptorum
1344 489 1587 571 quibus
1644 510 1803 552 usus
1865 500 1969 553 est
2029 490 2355 573 Polybius
2398 491 2668 554 nomina
2712 510 2946 553 recen-

776 606 980 680 senti,
1050 614 1333 687 apparet
1403 606 1726 688 exiguam
1786 626 1948 669 sane
2007 609 2211 671 modo
2277 617 2542 689 partem
2600 607 2948 670 nominum

776 721 1177 803 scriptorum
1236 722 1534 803 inprimis
1597 720 2012 785 Graecorum
2067 724 2263 786 nobis
2306 732 2539 786 notam
2585 743 2734 786 esse
2781 742 2944 803 quo-

779 857 927 899 rum
995 837 1203 899 libros
1268 838 1521 919 legisse
1587 837 1952 920 Polybium
2021 839 2344 901 credibile
2414 848 2534 901 est.
2646 838 2950 901 Priscam

775 972 1000 1016 rerum
1042 953 1509 1016 Romanarum
1539 954 1934 1017 memoriam
1962 955 2384 1037 repetituruS‚
2414 952 2703 1017 Fabium
2726 953 2948 1015 solum

777 1068 966 1150 sequi
1033 1068 1195 1130 satis
1254 1067 1491 1130 habuit
1506 1116 1520 1143 ,
1582 1088 1785 1149 quem
1841 1069 1910 1130 in
1953 1069 2142 1133 bello
2186 1069 2444 1133 Punico
2487 1070 2707 1149 primo
2752 1087 2946 1130 enar-

776 1179 987 1245 rando
1056 1203 1209 1246 cum
1276 1180 1552 1246 Plzz‘lz'no
1610 1183 2073 1267 Agrigentino
2136 1185 2532 1267 composuit.
2635 1183 2949 1246 Iamvero

775 1298 949 1361 libro
1009 1297 1128 1362 VI.
1188 1299 1257 1360 in
1304 1299 1711 1381 explicanda
1753 1301 2103 1382 republica
2146 1301 2467 1398 Romana
2509 1300 2741 1382 plures
2787 1318 2949 1362 con-

777 1415 980 1477 suluit
1048 1424 1412 1507 auctores·
1479 1415 1779 1496 Primum
1837 1436 2013 1498 quae
2072 1416 2159 1479 de
2222 1436 2305 1478 ea
2349 1420 2653 1479 auctores
2706 1410 2962 1478 Graeci

778 1532 1184 1613 scripserant
1229 1532 1555 1613 cognovit
1598 1533 1722 1594 sed
1765 1541 1841 1595 ut
1884 1532 2146 1595 inutilia
2188 1533 2384 1596 reicit
2423 1528 2483 1613 ¹).
2556 1530 2823 1594 Deinde
2863 1549 2952 1592 eo

778 1647 953 1708 libro
1015 1647 1103 1708 ad
1162 1645 1449 1709 Fabium
1501 1648 1903 1728 provocavit
1917 1696 1934 1720 ‚
1982 1648 2039 1710 si
2086 1648 2359 1729 quidem
2405 1655 2591 1710 recte
2634 1645 2955 1708 Valesius

783 1764 871 1825 ad
959 1762 1322 1844 Polybium
1411 1763 1584 1826 haec
1650 1761 1906 1827 Suidae
1971 1765 2262 1828 rettulit:
2335 1765 2585 1849 Φάβιος
2647 1763 2916 1845 Πίκτωρ
2935 1810 2952 1842 ,

781 1880 1180 1961 συγγραφεύς
1244 1871 1629 1964 (Ρὶομαίων,
1696 1865 1881 1957 οὗτος
1925 1879 2098 1962 λέγει
2145 1887 2418 1966 ἄρχοντι
2467 1878 2814 1961 εΡωμαίων
2862 1881 2949 1958 μὴ

783 1993 1022 2069 ἐξεῖναι
1106 1991 1334 2079 μηδενὶ
1425 1999 1923 2079 σφετερίσασθαι
1995 1998 2064 2061 ἐκ
2134 2006 2245 2062 τοῦ
2318 1993 2626 2077 δημοσίου
2692 1995 2958 2064 ότιοῦνί

781 2110 1064 2173 fortasse
1109 2111 1280 2173 haec
1325 2121 1482 2192 post
1525 2110 1644 2173 VI.
1694 2131 1749 2174 e.
1800 2116 1882 2189 56
1930 2112 2157 2175 locum
2202 2130 2396 2174 suum
2429 2112 2701 2173 habent.
2771 2109 2957 2172 Cato-

782 2246 933 2289 nem
1001 2235 1272 2289 secutus
1339 2236 1444 2289 est
1510 2227 1658 2289 libr.
1726 2226 1845 2290 VI.
1917 2248 1971 2290 c.
2038 2249 2070 2290 2
2137 2233 2169 2304 ἕ
2235 2233 2406 2305 3—-8
2425 2275 2440 2302 ,
2511 2226 2701 2290 cuius
2745 2226 2960 2287 verba

784 2352 1131 2406 contracta
1186 2343 1483 2406 servavit
1538 2343 1798 2406 Plinius
1843 2343 1930 2406 H.
1977 2344 2057 2407 N.
2104 2343 2299 2406 XIV.
2349 2364 2467 2423 90:
2546 2342 2756 2418 „Cato
2800 2341 2959 2403 ideo

781 2460 1195 2541 propinquos
1254 2459 1518 2522 feminis
1580 2459 1885 2522 osculum
1943 2461 2106 2523 dare
2166 2459 2411 2543 (dixit),
2459 2468 2536 2521 ut
2580 2458 2830 2521 scirent
2875 2476 2964 2519 an

730 2656 734 2662 η
784 2585 1108 2639 temetum
1156 2575 1469 2639 olerent''.
1516 2575 1672 2638 Vid.
1723 2576 1927 2649 etiam
1972 2594 2147 2657 supr.
2193 2595 2258 2657 p.
2302 2580 2404 2655 87.
2468 2572 2612 2638 Sed
2634 2574 2963 2655 pleraque

785 2692 981 2754 huius
1026 2692 1180 2754 libri
1222 2691 1352 2755 VI..
1389 2692 1536 2772 ipse
1581 2691 1853 2754 Romae
1901 2701 1971 2754 et
2014 2692 2083 2753 in
2128 2691 2365 2754 castris
2407 2690 2704 2782 romanis
2735 2690 2965 2751 obser-

785 2809 990 2871 vavit.
1038 2845 1120 2853 —
1170 2806 1323 2889 Quo
1369 2816 1676 2889 tempore
1721 2808 1992 2870 Romae
2038 2807 2366 2889 Polybius
2412 2808 2746 2889 degebat,
2795 2804 2964 2866 mul-

785 2933 1006 2986 torum
1068 2944 1230 2986 sane
1293 2923 1618 3005 cognovit
1677 2924 1840 2986 satis
1896 2932 2205 2985 recentes
2249 2922 2562 2985 historias
2605 2921 2707 3001 (ut
2754 2918 2970 2983 Cincii

788 3039 1146 3114 Alimenti,
1208 3039 1283 3102 P.
1348 3038 1640 3102 Cornelii
1703 3037 2067 3121 ScipioniS‚
2128 3038 2216 3101 A.
2274 3037 2606 3101 Postumii
2674 3034 2968 3116 Albini),

790 3156 912 3217 sed
975 3175 1094 3217 eos
1139 3163 1449 3218 auctores
1493 3155 1809 3217 habuisse
1855 3153 2219 3235 Polybium
2261 3173 2596 3235 nusquam
2643 3160 2934 3233 apparet
2951 3198 2970 3224 ,

787 3267 1037 3332 Albim·
1083 3279 1342 3332 tanturn
1398 3270 1808 3333 mentionem
1853 3268 2016 3332 fecit
2059 3269 2231 3352 (XL.
2279 3289 2333 3332 c.
2384 3267 2446 3349 6)
2485 3269 2546 3351 2>.
2594 3304 2678 3312 —
2728 3266 2810 3329 In
2854 3266 2975 3328 de-

791 3385 1147 3448 scribendo
1207 3384 1393 3447 bello
1453 3383 1910 3446 Hannibalico
1966 3382 2296 3465 Polybius
2342 3403 2501 3445 eum
2544 3381 2978 3464 potissimum

791 3512 1137 3564 auctorem
1184 3509 1454 3563 secutus
1500 3509 1603 3598 est
1618 3548 1633 3575 ,
1681 3500 1869 3562 cuius
1915 3499 2187 3562 traditio
2233 3499 2439 3561 etiam
2487 3498 2670 3580 apud
2700 3495 2979 3558 Livium

882 3840 923 3922 ι)
964 3843 1010 3899 Ι.
1057 3845 1135 3915 64
1175 3849 1203 3913 ξ
1244 3860 1309 3914 4:
1354 3845 1401 3900 οἱ
1437 3845 1527 3919 μὲν
1563 3844 1667 3921 ’γὰρ
1705 3848 2027 3919 ἠγνοήκασι,
2069 3845 2116 3900 οἱ
2154 3837 2375 3918 δ’ἀσαφῆ
2412 3845 2499 3898 καὶ
2524 3842 2719 3905 ’τελέως
2748 3841 2986 3916 ἀνωφελῆ

790 3927 1097 4006 ιτεποίηνται
1132 3947 1226 4005 τὴν
1264 3946 1534 4019 ἐξήγησιν.
1592 3939 1754 3995 Inter
1781 3936 1928 3997 alios
1954 3935 2267 3995 Timaeum
2290 3934 2579 4014 designat,
2604 3934 2701 3993 cui
2720 3933 2784 3991 in
2806 3935 2994 3993 rebus

792 4037 1082 4099 Romanis
1122 4038 1342 4097 nullam
1383 4037 1563 4120 fidem
1602 4036 1800 4096 habet.
1846 4036 1964 4095 Cfr.
2012 4037 2090 4094 H.
2139 4037 2210 4094 16
2253 4043 2281 4107 ξ
2328 4052 2420 4112 15.

878 4136 931 4217 2)
970 4136 1071 4195 Ad
1112 4156 1304 4202 omnes
1345 4134 1659 4213 scriptores
1697 4152 1975 4195 romanos
2001 4131 2406 4214 (recentiores)
2435 4142 2730 4210 provocat
2750 4134 2992 4191 XVIII.

794 4243 823 4305 ξ
886 4237 922 4293 8
940 4280 954 4309 ,
1016 4236 1092 4294 de
1146 4221 1480 4313 integritate
1535 4231 1773 4293 Aemilii
1826 4233 2013 4292 Paulli
2066 4242 2126 4292 et
2179 4231 2444 4292 Africani
2505 4230 2784 4292 minoris:
2852 4234 3002 4311 ’ὅμως

796 4337 855 4392 τὸ
891 4342 978 4392 νῦν
1016 4340 1272 4413 εἰρημένον
1310 4333 1386 4413 ὑφ’
1425 4341 1567 4413 ἡμῶν
1607 4337 2008 4412 ὁμολογούμενον
2047 4337 2249 4411 εὑρήσει
2286 4336 2463 4411 παρὰ
2500 4342 2707 4395 πᾶσιν
2735 4336 2762 4391 ‘o
2793 4341 3000 4401 ζητῶν.
