3375 5084
1391 351 1509 411 137
1630 355 1634 359 ’

358 525 561 607 pania
628 525 840 588 invito
909 524 1125 588 Fabio
1196 525 1491 589 evaserit
1560 525 1907 590 Hannibal
1950 521 2008 606 1).
2080 562 2162 569 -
2234 524 2408 589 Item
2476 526 2543 587 in

356 642 739 704 narratione
806 661 1081 724 pugnae
1155 641 1524 705 Cannensis
1541 691 1555 716 ‚
1627 641 1817 704 euius
1880 661 2086 705 unum
2150 628 2544 722 exemplum

355 758 727 820 ostendam.
818 756 1197 840 Egregium
1258 757 1612 821 consilium
1673 756 2123 819 Hasdrubalis
2140 805 2154 831 ‚
2204 757 2388 838 quod
2432 755 2543 818 Li-

165 879 168 882 ’
259 946 264 951 ,
353 873 503 936 vius
562 873 758 936 brevi
815 882 1045 936 narrat
1059 921 1074 949 ‚
1122 893 1165 936 a
1208 873 1504 955 Polybio
1550 874 1618 935 in
1666 873 1853 936 clara
1898 874 2052 935 luce
2097 872 2395 954 positum
2441 880 2547 935 est

354 1000 425 1052 et
495 988 808 1052 laudibus
878 987 1156 1052 effertur
1223 991 1298 1073 (e.
1370 994 1490 1052 116
1555 995 1586 1066 ἓ
1652 993 1859 1064 6-8,
1922 991 2376 1072 πραγματικὸν
2428 992 2539 1051 καὶ

353 1111 671 1189 φρόνιμον
767 1105 958 1191 ἔργον
1038 1104 1220 1172 δοκεῖ
1291 1113 1557 1187 ποιῆσαι
1638 1103 2102 1191 Ἀσδρούβας).
2223 1104 2292 1168 Is
2368 1105 2548 1167 enim

355 1223 699 1305 equitibus
767 1222 1182 1286 Hiberorum
1251 1233 1324 1287 et
1388 1222 1744 1287 Gallorum
1804 1230 2121 1304 praeerat
2181 1221 2299 1303 qui
2361 1221 2556 1284 iuxta

354 1338 610 1406 flumen
684 1339 889 1420 positi
958 1341 1095 1402 iam
1163 1341 1232 1403 in
1300 1316 1488 1403 initio
1558 1359 1835 1422 pugnae
1904 1337 2217 1401 fuderant
2286 1337 2548 1419 equites

357 1455 748 1530 Romanos;
796 1454 1189 1520 Hasdrubal
1236 1457 1325 1518 ad
1371 1456 1661 1518 alterum
1710 1474 1922 1518 cornu
1965 1454 2180 1535 copiis
2209 1453 2554 1527 traductiS,

356 1544 669 1633 Numidis
759 1572 1087 1634 auxilium
1177 1580 1479 1654 praestat
1565 1582 1805 1635 contra
1880 1571 2147 1653 equites
2223 1570 2560 1633 sociorum

356 1686 864 1762 Romanorum3
913 1708 1069 1751 cum
1114 1687 1161 1750 ii
1207 1708 1476 1770 quoque
1523 1687 1654 1750 fusi
1702 1696 1930 1750 essent
1949 1736 1963 1762 ,
1996 1686 2393 1749 Hasdrubal
2422 1704 2558 1747 non
2654 1692 2661 1701 ‘

360 1822 521 1866 cum
568 1802 906 1884 equitibus
953 1803 1091 1867 suis
1137 1802 1479 1886 fugientes
1524 1804 1983 1886 persequitur,
2030 1803 2155 1866 sed
2190 1800 2558 1883 persecuti-

362 1938 569 1980 onem
612 1917 924 1981 Numidis
970 1920 1333 1984 committit
1379 1920 1539 2002 quia
1569 1921 1639 1983 hi
1670 1921 1886 1983 multo
1920 1919 2286 1983 celeriores
2304 1911 2557 1991 essent,

358 2044 434 2097 et
501 2054 656 2096 cum
724 2035 863 2098 suis
926 2035 1265 2117 equitibus
1326 2036 1657 2100 auxilium
1719 2035 1850 2100 fert
1910 2036 2111 2119 gravi
2177 2042 2558 2098 armaturae

357 2151 765 2215 Poenorum.
831 2151 977 2214 Liv.
1028 2173 1083 2216 c.
1132 2158 1216 2232 48
1266 2159 1297 2230 ἕ
1347 2174 1381 2231 5
1434 2174 1531 2235 sq.
1578 2163 1843 2216 tantum
1891 2152 2054 2216 dicit
2099 2151 2558 2214 Hannibalem

359 2267 695 2331 Numidas
758 2289 849 2330 ex
907 2269 1134 2332 media
1194 2269 1252 2352 (2)
1299 2269 1445 2333 acie
1492 2271 1865 2335 subductos
1910 2270 2000 2333 ad
2042 2268 2554 2350 persequendos

363 2383 709 2466 fugientes
771 2384 1033 2447 misisse
1050 2433 1064 2457 ,
1112 2384 1575 2467 Hispanorum
1621 2386 1885 2467 equites
1930 2384 2132 2468 gravi
2176 2391 2558 2446 armaturae

363 2500 755 2563 Poenorum
840 2500 1261 2577 adiunxisse3
1338 2502 1614 2585 ingenio
1694 2512 1764 2565 et
1839 2502 2206 2565 memoriae
2283 2498 2558 2563 lectoris

367 2615 843 2679 coniciendum
887 2617 1185 2700 reliquit,
1231 2618 1739 2683 Hasdrubalem
1785 2637 1905 2681 eos
1936 2616 2199 2698 equites
2227 2636 2320 2679 ex
2345 2616 2562 2679 altero

366 2751 582 2795 cornu
628 2732 1160 2797 circumduxisse
1179 2782 1194 2809 ‚
1241 2743 1313 2798 et
1358 2745 1634 2798 causam
1679 2734 1897 2798 nescit
1943 2753 2066 2796 cur
2108 2732 2446 2795 Numidae
2472 2732 2561 2794 ad

363 2849 913 2930 persequendum
974 2849 1200 2931 potius
1259 2851 1761 2917 adhiberentur.
1810 2887 1892 2895 —
1940 2849 2182 2931 Itaque
2230 2847 2561 2930 Polybius

362 2965 610 3028 merita
690 2976 761 3029 et
836 2966 1120 3029 consilia
1187 2968 1436 3031 ducum
1506 2968 1602 3031 ita
1667 2967 2006 3030 illustrare
2076 2976 2145 3029 et
2214 2965 2560 3047 explicare

364 3080 548 3145 solet
563 3129 578 3156 ‚
656 3091 732 3145 ut
801 3083 1019 3145 lector
1089 3084 1631 3147 animadvertere
1701 3084 1916 3165 possit
1983 3082 2147 3166 quid
2214 3081 2559 3161 fortunae,

364 3197 533 3280 quid
580 3199 861 3262 consilio
908 3201 1362 3282 pugnantium
1412 3201 1758 3264 debeatur.

462 3313 612 3376 Res
681 3314 1085 3378 Hannibalis
1153 3317 1220 3379 in
1288 3316 1490 3380 Italia
1559 3337 1650 3387 ex
1720 3326 1997 3380 auctore
2060 3314 2357 3397 quodam
2423 3333 2562 3376 non

366 3430 693 3494 Romano
742 3431 1150 3514 cognovisse
1196 3433 1563 3516 Polybium
1576 3481 1591 3508 ‚
1638 3452 2052 3515 quamquam
2095 3452 2235 3496 non
2265 3439 2530 3494 constat
2546 3478 2560 3504 ‚

369 3557 604 3611 tamen
662 3547 1031 3611 verisimile
1085 3559 1207 3613 est.
1298 3550 1503 3612 Aliae
1550 3549 1888 3632 quaedam
1932 3558 2163 3631 partes
2208 3544 2562 3610 manifesto

373 3664 765 3727 auctoribus
811 3664 1148 3729 Romanis
1193 3667 1560 3742 debentur;
1607 3687 1780 3749 quos
1804 3687 1962 3747 qua
2005 3665 2266 3728 ratione
2312 3664 2382 3726 in
2421 3683 2565 3724 rem

377 3800 570 3844 suam
617 3792 885 3845 vertere
931 3783 1152 3846 soleat
1199 3782 1402 3847 docet
1448 3783 1868 3866 comparatio
1913 3782 2106 3845 Livii.
2157 3818 2238 3826 --
2287 3779 2405 3842 Ad
2441 3780 2566 3842 has

380 3906 611 3978 partes
672 3897 967 3979 pertinet
1044 3919 1099 3962 e.
1171 3921 1257 3977 40
1330 3897 1614 3981 (Seditio
1681 3897 2044 3980 Boiorum).
2143 3896 2483 3960 Asconius
2523 3896 2567 3977 2)

379 4013 586 4076 tradit
604 4063 619 4094 ‚
692 4015 779 4075 ab
850 4015 1141 4097 antiquis
1209 4016 1550 4079 annalium
1618 4015 2061 4097 scriptoribus
2128 4014 2243 4095 qui
2304 4012 2566 4075 bellum

466 4276 513 4359 ¹)
555 4279 675 4338 Cfr.
718 4276 1004 4355 Niebuhr,
1047 4280 1275 4339 VorleS.
1324 4281 1402 4337 ΙΙ.
1446 4299 1504 4356 p.
1551 4281 1627 4355 96
1671 4276 1790 4358 (ed.
1833 4275 2038 4364 Isler.).

466 4376 516 4459 2)
557 4379 659 4438 Ad
702 4377 826 4440 Cic.
870 4376 1068 4438 Pison.
1109 4399 1169 4456 p.
1215 4399 1271 4455 3.
1357 4379 1477 4439 Cfr.
1520 4377 1939 4438 Weiszenborn
1980 4376 2058 4436 ad
2101 4374 2225 4434 Liv.
2272 4395 2323 4434 e.
2373 4393 2465 4452 25.
