3375 5084
1864 355 1903 409 4

793 536 1071 608 poetam
1131 535 1207 589 ut
1267 546 1470 607 quam
1515 525 1807 607 plurima
1852 527 1941 587 ab
1988 546 2071 588 eo
2117 545 2280 587 vere
2326 525 2575 588 tradita
2619 545 2769 587 esse
2787 573 2801 600 ‚
2849 524 2978 587 etsi

792 642 1128 725 allegoria
1188 652 1372 705 tecta
1388 690 1402 717 ‚
1458 661 1661 722 quam
1710 641 1986 703 minima
2029 639 2190 704 ficta
2236 661 2386 703 esse
2433 641 2793 703 ostendere
2839 650 2973 702 stu-

793 759 953 821 deat
994 758 1054 839 ¹).
1144 757 1298 820 Non
1366 757 1585 820 solum
1659 766 1890 819 autem
1960 756 2270 820 doctrina
2336 756 2686 819 recondita
2751 754 2981 818 referti

792 883 948 937 sunt
1014 873 1170 936 libri
1235 872 1523 936 Homeri
1538 922 1552 947 ,
1624 873 1833 935 etiam
1895 872 2271 954 sapientiae
2332 871 2535 953 pleni.
2638 871 2979 934 Homerus

794 1010 948 1054 cum
1014 989 1308 1052 voluerit
1372 989 1569 1052 nobis
1641 989 2002 1052 ostendere
2068 988 2288 1070 qualis
2348 988 2599 1051 debeat
2667 1007 2826 1051 esse
2877 986 2982 1049 vir

790 1107 1060 1188 sapiens
1105 1105 1288 1190 (ἀνὴρ
1336 1105 1834 1190 πραγματικός),
1869 1104 2164 1188 Odyssei
2192 1106 2493 1188 imagine
2523 1105 2735 1168 talem
2761 1104 2980 1167 virum

788 1222 1143 1306 proposuit
1158 1269 1174 1295 ,
1236 1231 1312 1285 ut
1370 1232 1657 1303 apparet
1717 1222 2010 1285 laudatis
2069 1222 2303 1303 primis
2362 1221 2716 1305 Odysseae
2773 1221 2979 1284 versi-

788 1341 916 1402 bus
953 1338 1016 1420 ²).
1105 1335 1249 1402 Sed
1308 1338 1514 1401 etiam
1574 1339 1691 1420 qui
1751 1349 1968 1402 artem
2021 1339 2524 1432 imperatoriam
2568 1358 2977 1420 pernoscere

789 1454 962 1518 velit
1020 1452 1402 1536 Odysseam
1465 1455 1760 1517 evolvat.
1854 1453 2203 1537 Odysseus
2273 1454 2454 1518 enim
2521 1464 2627 1517 est
2688 1454 2982 1536 optimus

791 1570 936 1633 dux
1001 1568 1185 1651 (ἀνὴρ
1260 1570 1880 1653 ήγεμονικώτατος>;
1953 1591 2109 1652 eum
2170 1570 2512 1633 Homerus
2573 1570 2840 1633 induxit
2892 1591 2983 1632 ex

791 1685 986 1750 astris
1045 1685 1262 1747 multa
1316 1686 1820 1749 coniectantem
1866 1706 2042 1767 quae
2091 1696 2162 1749 et
2206 1686 2376 1749 mari
2421 1696 2493 1749 et
2537 1695 2760 1748 terrae
2806 1685 2979 1748 acci-

791 1801 960 1864 dunt
977 1850 991 1877 ,
1037 1810 1113 1863 ut
1158 1802 1358 1864 decet
1404 1801 1658 1863 bonum
1706 1801 1948 1863 ducem
1989 1800 2049 1882 ³).

879 1917 1036 1981 Hoc
1089 1917 1365 1999 Polybii
1411 1917 1706 1979 studium
1753 1937 1888 1998 quo
1934 1916 2183 1980 fabulis
2229 1918 2319 1979 ab
2363 1916 2668 1979 Homero
2718 1915 2982 1978 traditis

792 2018 1029 2096 verum
1074 2032 1329 2113 aliquid
1374 2032 1654 2095 indicari
1703 2042 1773 2095 et
1820 2053 1912 2095 ex
1956 2033 2037 2095 iis
2083 2052 2286 2114 posse
2334 2032 2674 2096 enucleari
2706 2040 2979 2095 conten-

791 2150 891 2213 dit
905 2198 921 2225 ,
991 2149 1196 2213 etiam
1263 2149 1354 2211 ad
1422 2169 1507 2211 ea
1573 2169 1649 2211 se
1723 2150 2035 2212 extendit
2088 2169 2264 2231 quae
2327 2151 2414 2212 de
2473 2150 2677 2212 rebus
2739 2148 2982 2211 divinis

792 2265 1161 2346 antiquitus
1247 2265 1430 2345 apud
1499 2262 1804 2328 Graecos
1872 2264 2279 2328 ferebantur.
2384 2266 2629 2329 Incidit
2694 2266 2762 2327 in
2831 2285 2984 2327 eam

792 2381 1125 2475 rationem
1208 2380 1802 2461 („explicationem
1882 2382 2272 2463 mythorum
2347 2380 2950 2461 rationalisticam”)
2969 2428 2982 2453 ,

791 2507 937 2560 tum
1018 2496 1385 2559 Euhemeri
1464 2497 1739 2560 nomine
1816 2497 2208 2580 insignitam
2226 2547 2240 2572 ,
2311 2518 2488 2579 quae
2556 2497 2822 2561 fabulas
2889 2498 2986 2560 ita

800 2613 1149 2695 explicare
1203 2613 1457 2676 soleret
1500 2613 1696 2693 quasi
1741 2613 1904 2676 olim
1948 2614 2259 2677 homines
2305 2614 2533 2695 aliqua
2575 2613 2826 2676 virtute
2871 2612 2987 2674 vel

793 2749 1005 2811 opera
1067 2729 1368 2811 insignes
1415 2730 1504 2791 ad
1548 2739 1916 2812 augustum
1960 2751 2210 2794 nomen
2256 2732 2536 2793 deorum
2584 2739 2654 2793 et
2698 2730 2982 2793 heroum

795 2844 1020 2908 evecti
1067 2854 1314 2907 essent.
1385 2844 1712 2906 Divinum
1758 2846 2014 2909 cultum
2032 2895 2046 2921 ,
2094 2847 2189 2909 ait
2202 2895 2216 2920 ,
2263 2846 2327 2908 ei
2353 2846 2807 2911 „obtinuerunt
2826 2894 2840 2921 ,
2872 2844 2987 2926 qui

795 2960 1049 3041 aliquid
1131 2959 1370 3042 generi
1452 2960 1751 3023 humano
1828 2961 1996 3025 utile
2078 2961 2524 3025 instituissent
2561 2961 2606 3043 ⁴)
2622 3010 2638 3037 ,
2706 2962 2986 3024 Danaus

792 3084 989 3138 vates
1050 3075 1444 3138 aestimatus
1512 3086 1619 3139 est
1664 3087 1736 3140 et
1780 3098 1905 3140 rex
1922 3126 1936 3153 ,
1983 3077 2101 3159 qui
2143 3078 2213 3140 in
2256 3078 2509 3161 Argoli
2553 3069 2775 3141 fontes
2819 3077 2985 3140 indi-

794 3201 1018 3255 casset
1055 3191 1132 3272 5>;
1179 3192 1434 3255 Atreus
1480 3213 1745 3275 auspex
1790 3205 1861 3258 et
1904 3216 2031 3258 rex
2077 3195 2296 3259 dictus
2315 3244 2329 3271 ,
2349 3258 2353 3264 ,
2376 3195 2536 3277 quia
2576 3195 2985 3258 ostendisset

880 3470 925 3551 ¹)
979 3471 1258 3529 XXXIV.
1317 3490 1369 3529 6.
1435 3491 1467 3529 2
1526 3479 1554 3543 5
1617 3493 1681 3547 13
1739 3472 1883 3533 ibid.
1941 3495 1993 3534 6.
2041 3496 2098 3548 4.
2140 3483 2168 3547 5
2210 3496 2267 3548 4.
2349 3473 2674 3551 Utriusque
2720 3472 2994 3534 carminis

740 3592 745 3597 ·
792 3578 1145 3648 argumenta
1200 3579 1338 3629 sunt
1387 3588 1558 3645 vera,
1615 3570 1706 3652 (P.
1749 3574 2029 3634 XXXIV.
2075 3594 2127 3634 6.
2176 3595 2207 3633 2
2253 3582 2281 3646 5
2323 3574 2404 3655 9).
2489 3574 2684 3651 Scylla
2727 3573 2994 3650 piscante

789 3666 935 3748 (Od.
997 3669 1134 3726 XII.
1198 3684 1272 3744 95
1341 3667 1496 3748 sqq.)
1563 3668 1928 3748 significatur
1988 3665 2247 3750 piscatus
2312 3671 2648 3749 xiphiarum
2711 3671 2772 3729 in
2824 3671 2996 3730 litore

791 3764 1059 3826 Bruttiae
1099 3764 1163 3846 (1.
1204 3766 1241 3825 1.
1286 3785 1339 3825 c.
1387 3786 1418 3824 2
1464 3774 1492 3838 5
1539 3787 1610 3826 12
1655 3803 1737 3812 —-
1778 3789 1830 3828 c.
1878 3790 1913 3846 3
1957 3778 1985 3842 5
2033 3770 2158 3851 11);
2190 3770 2681 3848 Lotophagorum
2709 3769 2853 3851 (od.
2885 3771 2991 3828 IX.

792 3866 871 3938 84
925 3863 1083 3944 sqq.)
1138 3874 1226 3924 est
1266 3862 1455 3924 insula
1495 3865 1744 3925 Meninx
1784 3866 1874 3948 (P.
1921 3870 1967 3927 I.
2014 3888 2091 3945 39
2134 3876 2162 3940 5
2208 3867 2285 3946 2).
2372 3870 2466 3928 De
2509 3889 2648 3947 rege
2689 3869 2880 3928 Aeolo
2922 3869 2988 3926 P.

790 3965 1071 4023 XXXIV.
1116 3983 1169 4022 6.
1218 3983 1249 4021 2
1295 3970 1323 4034 5
1368 3981 1430 4040 5,
1475 3984 1525 4023 6.
1577 3985 1644 4023 11
1694 3973 2023 4037 512—20.

875 4061 927 4144 2)
967 4064 1033 4121 P.
1077 4064 1213 4121 XII.
1263 4080 1335 4138 27
1381 4069 1409 4133 5
1457 4083 1548 4121 10.

879 4159 927 4243 ³)
968 4163 1034 4220 P.
1077 4163 1182 4221 IX.
1233 4164 1324 4221 16.
1375 4182 1401 4220 1
1450 4159 1579 4241 (cfr.
1623 4182 1715 4222 ex.
1755 4183 1840 4241 gr.
1887 4164 2006 4224 Od.
2049 4166 2217 4224 XIII.
2263 4166 2385 4247 93).

875 4258 927 4340 4)
967 4261 1015 4318 P
1076 4260 1356 4318 XXXIV.
1401 4279 1453 4318 6.
1503 4279 1535 4317 2
1579 4267 1607 4331 5
1650 4260 1706 4319 8.

875 4357 927 4438 ³)
968 4358 1059 4417 Id.
1101 4358 1179 4417 de
1219 4358 1434 4416 Danao
1474 4356 1593 4416 iam
1622 4357 1848 4437 antiqui
1879 4362 2152 4436 tradunt,
2187 4361 2437 4421 Hesiod.
2460 4362 2529 4420 fr.
2554 4378 2627 4437 35
2656 4362 2732 4420 G.
2753 4361 2853 4441 (97
2879 4361 2991 4441 Μ.)
