3375 5084
1483 358 1517 414 3

412 529 554 593 fere
600 531 979 594 tirocinium
1025 531 1281 613 ingenii
1325 532 1600 593 humani
1646 532 1873 595 dicere
1917 532 2155 614 liceat,
2207 553 2440 596 omnes
2485 554 2593 596 res

406 647 494 708 ab
554 647 937 708 hominibus
997 647 1268 727 poetica
1325 648 1617 728 quadam
1670 648 1929 710 ratione
1977 658 2346 729 conceptas
2363 698 2377 724 ,
2426 660 2496 712 et
2543 670 2585 711 a

404 763 844 844 scriptoribus
891 763 1005 843 qui
1050 773 1193 826 tum
1239 782 1476 825 omnes
1520 772 1770 844 poetae
1804 773 2030 827 essent
2059 764 2288 827 multis
2316 784 2587 846 semper

402 877 649 942 fabulis
719 889 790 943 et
847 880 1186 942 miraculis
1249 880 1609 943 obvolutas
1672 881 2041 943 memoriae
2086 882 2367 944 traditas
2414 869 2581 944 esse.

406 995 645 1076 Itaque
693 995 993 1058 carmina
1037 996 1315 1077 antiqua
1358 1016 1494 1057 non
1541 1016 1624 1058 eo
1658 995 1941 1059 consilio
1973 996 2253 1059 volvere
2279 996 2593 1061 solebant

408 1120 483 1173 ut
540 1111 720 1173 illius
781 1112 1106 1192 temporis
1157 1111 1508 1193 opiniones
1555 1121 1626 1175 et
1673 1132 1936 1175 errores
1984 1122 2478 1196 cognoscerent
2526 1122 2595 1175 et

408 1227 504 1309 (ut
562 1227 759 1289 nobis
820 1225 1046 1290 facere
1105 1226 1289 1308 licet)
1336 1248 1426 1289 ex
1471 1228 1551 1289 iis
1598 1229 1988 1292 conicerent
2033 1229 2271 1310 quales
2317 1225 2443 1291 eae
2487 1248 2597 1290 res

408 1362 652 1405 revera
711 1342 958 1406 fuerint
975 1392 989 1418 ‚
1053 1345 1139 1406 ab
1205 1343 1494 1424 antiquis
1554 1344 1829 1425 poetica
1872 1343 2134 1407 ratione
2156 1414 2161 1419 ,
2182 1344 2595 1425 descriptae;

405 1460 527 1522 sed
584 1460 715 1522 hoc
781 1469 1045 1523 tantum
1091 1460 1512 1541 quaerebant
1557 1460 1882 1542 numquid
1927 1480 2091 1523 vere
2139 1461 2227 1522 ab
2272 1461 2353 1522 iis
2398 1460 2598 1523 tradi-

409 1585 553 1639 tum
616 1585 827 1651 esset;
892 1596 1068 1658 quae
1129 1575 1304 1639 falsa
1363 1577 1444 1638 iis
1505 1577 1912 1639 videbantur
1957 1587 2279 1659 tanquam
2324 1576 2485 1640 ficta
2531 1586 2600 1639 et

408 1692 669 1755 inutilia
711 1693 1141 1773 respuebant.
1219 1692 1435 1774 Atqui
1480 1692 1859 1755 Homerum
1906 1693 2306 1774 scriptorem
2337 1692 2596 1773 gravis-

408 1808 648 1870 simum
667 1857 680 1883 ,
759 1828 913 1870 cum
980 1808 1196 1871 multa
1262 1809 1556 1890 ingenue
1627 1817 1698 1871 et
1768 1809 1951 1871 bona
2018 1806 2153 1871 fide
2220 1808 2599 1870 narravisse

405 1923 739 1998 viderent,
826 1924 960 1986 iam
1037 1924 1251 1987 multa
1326 1923 1460 1986 alia
1535 1922 1810 1986 finxisse
1884 1933 1954 1987 et
2020 1924 2378 1987 mentitum
2448 1944 2598 1986 esse

410 2040 686 2102 credere
741 2039 1067 2102 nolebant
1085 2087 1100 2112 ,
1149 2049 1220 2102 et
1264 2040 1456 2121 quasi
1502 2039 1839 2121 allegoria
1884 2060 2041 2102 eum
2086 2059 2281 2102 usum
2330 2060 2480 2102 esse
2527 2040 2597 2101 in

405 2153 653 2217 fabulis
715 2150 1105 2218 statuebant
1170 2175 1305 2237 qua
1367 2175 1476 2217 res
1536 2175 1736 2218 veras
1800 2156 2233 2219 absconditas
2280 2156 2595 2219 traderet.

409 2271 563 2333 Non
615 2291 888 2334 carmen
933 2273 1047 2334 vel
1094 2272 1287 2353 quasi
1333 2291 1506 2353 opus
1552 2271 1849 2334 iuvenile
1894 2272 2151 2354 ingenii
2195 2272 2471 2334 humani
2518 2271 2596 2333 iis

408 2408 558 2450 esse
604 2387 1012 2451 videbantur
1056 2387 1211 2450 libri
1257 2387 1543 2450 Homeri
1560 2437 1574 2462 ‚
1622 2389 1745 2450 sed
1793 2408 1964 2469 opus
2011 2389 2354 2468 quoddam
2379 2408 2596 2469 grave

406 2512 476 2566 et
543 2503 957 2566 laboriosum
1025 2503 1418 2584 philosophi
1486 2502 1941 2586 (φιλοσόφημα)
1989 2503 2042 2584 ¹).
2134 2503 2449 2585 Denique
2513 2503 2595 2565 iis

408 2619 749 2681 erroribus
810 2618 1010 2682 facile
1068 2619 1518 2701 ignoscebant
1564 2638 1735 2699 quos
1781 2618 2064 2681 Homeri
2112 2619 2355 2681 aetatis
2401 2618 2595 2699 igno-

407 2734 665 2796 rantiae
712 2734 1144 2815 imputandos
1191 2754 1341 2796 esse
1389 2734 1779 2796 censebant.

495 2849 694 2912 Hanc
755 2849 1087 2913 rationem
1149 2849 1481 2931 Polybius
1528 2869 1611 2912 eo
1659 2849 1883 2931 magis
1930 2848 2148 2911 tenuit
2193 2867 2328 2930 quo
2374 2848 2596 2929 magis

410 2987 452 3028 a
495 2975 852 3047 poetarum
898 2967 1246 3049 elegantia
1291 2966 1554 3028 alienus
1602 2966 1786 3028 omni
1832 2966 1960 3028 arti
2004 2965 2363 3028 veritatem
2406 2983 2600 3045 prae-

407 3081 629 3145 ferret.
695 3082 994 3144 Primum
1038 3083 1216 3144 enim
1247 3082 1614 3144 maximam
1646 3082 2321 3162 circumspectionem
2354 3080 2596 3161 cuique

411 3199 842 3261 commendat
924 3198 993 3260 in
1072 3199 1294 3279 poetis
1364 3207 1434 3261 et
1501 3196 1885 3260 fabularum
1958 3196 2395 3278 scriptoribus
2463 3194 2599 3258 fide

405 3316 723 3378 habenda
774 3315 818 3396 2)
844 3363 858 3391 ,
930 3313 1297 3390 Heracliti,
1366 3324 1723 3396 poetarum
1797 3314 2284 3395 contemptoris
2300 3361 2316 3386 ,
2385 3314 2600 3375 verba

405 3431 690 3494 laudans
739 3429 799 3512 ³).
891 3430 1160 3493 Deinde
1234 3450 1643 3512 quamquam
1713 3430 1968 3511 aliquid
2038 3430 2243 3492 etiam
2315 3429 2601 3491 Homeri

407 3547 835 3630 ignorantiae
882 3547 1375 3629 ignoscendum
1421 3566 1572 3609 esse
1619 3554 1853 3608 censet
1890 3544 1963 3626 ⁴),
2010 3545 2180 3609 tanti
2224 3543 2389 3608 facit
2418 3545 2597 3606 hunc

499 3781 542 3861 ¹)
582 3784 649 3841 P.
691 3784 972 3842 XXXIV.
1016 3801 1068 3841 c.
1114 3801 1152 3853 4
1193 3789 1221 3852 ξ
1264 3794 1338 3854 4.’

493 3880 544 3962 ²)
584 3884 650 3940 P.
693 3883 798 3941 IV.
842 3901 895 3940 c.
940 3900 1018 3954 40
1060 3888 1088 3952 5
1134 3901 1186 3939 2.

492 3979 541 4060 3)
582 3978 733 4040 Ibid.
792 4016 871 4023 —
928 3978 1219 4039 Heracliti
1274 3977 1453 4038 etiam
1507 3977 1670 4037 aliud
1719 3976 1948 4036 dictum
1991 3976 2196 4036 laudat
2236 3976 2302 4034 P.
2345 3975 2482 4034 XII.
2529 3991 2600 4049 27

403 4087 433 4152 ξ
495 4100 546 4138 1.
603 4114 682 4122 -
738 4078 1078 4139 Heraclitus
1121 4079 1457 4137 Homerum
1500 4076 1748 4155 dignum
1790 4074 1965 4135 fuisse
2009 4073 2157 4134 dixit
2198 4072 2299 4149 qui
2342 4093 2374 4132 e
2417 4082 2605 4133 certa-

404 4177 662 4239 minibus
710 4177 998 4238 eiceretur
1039 4186 1098 4236 et
1140 4175 1320 4255 virgis
1361 4177 1709 4237 caederetur
1750 4173 1954 4256 (Diog.
1998 4176 2195 4233 Laert.
2239 4174 2345 4231 IX.
2395 4193 2420 4230 1
2445 4218 2461 4247 ,
2499 4174 2605 4233 cfr.

407 4277 557 4337 Ritt.
603 4299 659 4336 u.
703 4278 873 4338 Prell.
918 4275 1079 4335 Hist.
1122 4274 1269 4334 Phil.
1313 4296 1372 4352 p.
1422 4274 1538 4354 16).

493 4374 545 4457 4)
585 4377 676 4434 Ex
718 4395 804 4453 gr.
847 4376 1127 4434 XXXIV.
1171 4393 1224 4433 c.
1269 4393 1308 4447 4
1348 4382 1376 4444 ξ
1421 4392 1475 4451 5.
