3375 5084
169 4690 190 4721 a·-
169 4658 170 4661 ⁴
177 4630 180 4631 =

229 4776 254 4803 ‘2'
231 4714 256 4759 {¹⁹

1888 308 2007 379 164

850 494 1088 575 poenis
1150 514 1193 554 a
1255 493 1516 555 civibus
1571 493 1963 556 Mantineae
2011 494 2295 575 sumptis
2311 542 2326 569 ,
2372 494 2577 556 aliam
2620 511 2765 555 rem
2811 491 3031 553 omisit

850 629 1052 691 quam
1096 630 1182 672 ne
1229 610 1617 672 iracundiae
1663 609 1938 691 quidem
1970 621 2040 673 et
2069 609 2344 673 ultionis
2374 618 2739 691 praetextu
2761 606 3030 670 defendi

851 746 1054 807 posse
1115 736 1302 788 recte
1350 727 1828 790 animadvertit
1871 726 2306 801 Plutarchus;
2351 745 2598 807 nempe
2645 724 3032 787 Mantineae

847 843 1117 904 nomine
1186 843 1445 905 abolito
1523 842 1991 925 Antigoneam
2059 844 2297 906 urbem
2355 842 2887 905 nominaverunt.
2954 877 3032 885 -

816 957 1132 1036 ‘Etiamsi
1197 958 1407 1039 igitur
1474 959 1910 1021 concedimus
1979 958 2444 1040 Phylarchum
2505 957 2702 1019 nimis
2770 955 3038 1018 acribus

849 1074 1188 1136 coloribus
1250 1074 1552 1155 pinxisse
1611 1074 1879 1137 cladem
1925 1075 2316 1137 Mantineae
2335 1122 2351 1149 ‚
2396 1082 2626 1136 tamen
2672 1073 2836 1135 satis
2881 1091 3037 1133 con·

847 1199 983 1252 stat
1027 1189 1394 1271 Polybium
1439 1190 1508 1251 in
1553 1190 1840 1252 alteram
1885 1200 2149 1272 partem
2195 1190 2645 1263 aberravisse,
2694 1209 2777 1251 eo
2813 1186 3038 1249 studio

848 1308 1126 1369 ductum
1170 1306 1421 1388 nequid
1467 1306 1712 1388 culpae
1757 1307 1828 1368 in
1872 1306 2091 1370 Arato
2137 1308 2467 1369 haereret.
2508 1342 2591 1350 —
2625 1304 3032 1367 Plutarchus

847 1432 1083 1484 contra
1149 1423 1218 1484 in
1280 1422 1437 1485 vitis
1499 1422 1887 1486 Cleomenis
1951 1434 2022 1486 et
2081 1422 2282 1487 Arati
2326 1424 2696 1506 prudenter
2739 1420 3038 1484 fontibus

845 1559 1003 1601 usus
1074 1559 1223 1601 esse
1242 1586 1257 1614 ‚
1327 1549 1398 1601 et
1463 1538 1752 1602 feliciter
1821 1541 2222 1622 plerumque
2293 1540 2611 1622 scopulos
2674 1537 3041 1602 evitavisse

846 1654 1010 1716 mihi
1054 1654 1341 1717 videtur.

934 1768 1054 1831 V1.
1142 1768 1245 1831 Ea
1305 1789 1481 1851 quae
1544 1771 1631 1833 de
1694 1791 1931 1853 pugna
1994 1772 2083 1833 ad
2128 1769 2492 1834 Sellasiam
2536 1769 2719 1832 facta
2762 1767 3043 1830 tradidit

844 1884 1271 1965 Phylarchus
1288 1933 1302 1959 ,
1364 1885 1556 1947 nihili
1617 1884 1929 1949 facienda
1991 1907 2140 1949 esse
2201 1895 2394 1968 patet
2410 1935 2424 1961 ,
2472 1906 2627 1949 cum
2674 1883 3042 1948 contuleris

845 1999 1118 2081 Polybii
1179 2010 1568 2063 accuratam
1630 2012 1702 2064 et
1764 2002 2114 2083 copiosam
2169 2003 2371 2064 huius
2415 2021 2695 2083 pugnae
2740 1999 3040 2080 descrip-

846 2116 1101 2178 tionem
1144 2115 1249 2197 (ΙΙ.
1297 2136 1352 2179 c.
1402 2116 1707 2199 65—70).
1778 2118 2110 2199 Polybius
2153 2119 2287 2181 hoc
2334 2118 2490 2180 loco
2523 2136 2761 2179 omnes
2781 2113 3045 2197 ingenii

847 2233 950 2295 sui
1012 2242 1083 2294 et
1141 2233 1542 2315 prudentiae
1604 2235 1785 2297 vires
1845 2236 2141 2298 ostendit
2201 2245 2271 2298 et
2326 2235 2569 2297 mirum
2619 2242 3043 2316 quantopere

845 2348 1020 2410 inter
1065 2347 1220 2410 illos
1266 2349 1629 2430 scriptores
1675 2349 1970 2412 minores
2002 2348 2337 2432 effulgeat
2367 2350 2763 2433 cognitione
2786 2367 3043 2420 rerum,

845 2465 1119 2546 peritia,
1183 2484 1348 2527 sana
1408 2475 1669 2545 mente,
1726 2486 1927 2547 quam
1972 2465 2174 2530 facile
2218 2467 2521 2548 palmam
2566 2465 2743 2529 ferat
2789 2474 2860 2526 et
2907 2465 3045 2526 lec-

845 2589 1062 2642 torem
1125 2581 1213 2642 ad
1274 2578 1481 2643 fidem
1539 2582 1831 2645 inducat.
1924 2581 2293 2663 Phylarchi
2349 2582 2384 2665 ¹)
2447 2592 2687 2645 contra
2745 2580 3046 2643 narratio

844 2716 970 2777 per
1015 2717 1088 2758 se
1136 2697 1590 2778 suspicionem
1635 2708 1887 2761 movet.
1980 2698 2414 2774 DamoteleS,
2462 2700 2680 2781 inquit
2698 2746 2713 2774 ‚
2759 2699 2854 2760 ab
2900 2696 3046 2759 An-

847 2812 1086 2893 tigono
1149 2813 1464 2874 mercede
1512 2822 1866 2894 corruptus
1884 2862 1899 2886 ,
1946 2813 2186 2877 fraude
2234 2813 2675 2878 Cleomenem
2721 2813 3045 2885 irretivit;

845 2927 903 2990 is
950 2928 1132 2990 enim
1177 2949 1220 2989 a
1264 2949 1432 3012 rege
1477 2929 1697 2992 iussus
1743 2931 2101 3011 exquirere
2147 2931 2311 3011 quid
2356 2932 2425 2993 in
2456 2931 2682 2993 animo
2706 2931 3048 2992 haberent

846 3043 1061 3125 Illyrii
1117 3054 1188 3106 et
1233 3044 1631 3108 Acarnanes
1649 3094 1665 3119 ,
1714 3046 1829 3127 qui
1871 3067 1959 3109 ne
2006 3046 2295 3110 alterum
2343 3067 2555 3137 cornu
2601 3045 3045 3110 circumveni-

846 3168 998 3220 rent
1041 3162 1391 3222 metuebat
1437 3159 1840 3223 Cleomenes
1856 3209 1872 3235 ,
1921 3163 2232 3225 consulto
2278 3162 2523 3225 falsum
2569 3162 2837 3226 rettulit
2877 3181 3042 3223 nun-

847 3274 1014 3337 tium
1032 3323 1045 3349 ,
1117 3296 1251 3357 quo
1319 3275 1574 3340 factum
1634 3287 1741 3340 est
1800 3288 1875 3341 ut
1935 3280 2120 3361 regis
2180 3279 2389 3343 frater
2443 3281 2531 3342 ab
2579 3279 2836 3361 Illyriis
2882 3278 3044 3340 dolo

846 3401 1306 3472 superaretur;
1378 3402 1450 3455 et
1515 3413 1681 3455 mox
1740 3394 1888 3474 ipse
1952 3394 2357 3458 Cleomenes
2373 3444 2388 3471 ,
2447 3395 2584 3458 suis
2631 3394 3042 3457 adversariis

848 3507 1343 3570 Macedonibus
1387 3509 1524 3571 iam
1568 3508 1712 3572 fere
1757 3509 2137 3592 profligatis
2158 3559 2173 3586 ,
2219 3521 2492 3594 tergum
2537 3521 2813 3574 vertere
2836 3531 3046 3592 coge-

846 3632 1034 3686 retur
1121 3643 1207 3685 ne
1283 3623 1578 3705 undique
1655 3625 1888 3688 hostes
1965 3627 2400 3690 adorirentur.
2522 3626 2814 3709 Ineptae
2890 3635 3047 3689 sunt

848 3737 1178 3800 eiusmodi
1249 3741 1578 3820 ambages
1646 3740 1992 3821 scriptoris
2010 3789 2024 3816 ‚
2095 3742 2210 3822 qui
2280 3762 2434 3804 cum
2493 3742 2781 3805 heroem
2849 3761 3047 3803 suum

850 3851 1175 3930 invictum
1237 3854 1475 3916 haberi
1530 3855 1800 3918 studeat
1815 3903 1829 3929 ,
1874 3856 2034 3919 huic
2081 3850 2305 3919 stu'dio
2350 3858 2716 3920 veritatem
2763 3865 3047 3938 antepo-

847 3976 967 4028 nat
1012 3976 1083 4030 et
1125 3969 1399 4032 incertis
1444 3970 1828 4032 rumoribus
1870 3968 2076 4034 fidem
2120 3971 2392 4035 habeat.

939 4080 1093 4144 VII.
1183 4083 1335 4147 Res
1400 4083 1739 4167 Antigoni
1804 4094 1877 4148 et
1936 4085 2321 4150 Cleomenis
2380 4096 2539 4169 post
2594 4107 2908 4171 pugnam
2952 4086 3044 4149 ad

945 4328 985 4407 ¹)
1026 4331 1178 4388 Plut.
1222 4334 1441 4392 Cleom.
1490 4354 1543 4392 c.
1594 4336 1685 4392 18.
