3375 5084
1810 365 1932 419 ¹04

778 539 987 601 etiam
1040 538 1240 599 huius
1285 537 1812 619 perturbationis
1852 536 2211 618 probabile
2256 536 2653 616 exemplum
2700 535 2971 597 addam.

771 654 1101 737 Polybius
1175 656 1228 733 (5
1297 654 1360 735 ὁ)
1429 664 1659 716 narrat
1724 674 1903 716 anno
1974 659 2101 731 358
2174 651 2415 716 Gallos
2483 672 2640 714 cum
2712 670 2974 732 magno

769 771 1077 833 exercitu
1146 790 1519 853 aggressos
1586 791 1772 844 esse,
1840 770 1962 832 sed
2024 773 2164 835 τότε
2228 774 2350 849 μὲν
2418 769 2534 832 οὐκ
2600 763 2971 850 ἐτόλμησαν

767 887 1240 969 α’ντεξαγαγεῖν
1313 890 1634 968 Ῥωμαῖοι
1700 892 1784 950 τὰ
1852 883 2281 968 στρατόπεδα.
2372 886 2610 948 Livius
2674 884 2846 967 (VII.
2913 904 2974 947 e.

779 1026 800 1067 1
816 1025 849 1066 2
917 1004 1082 1086 sqq.)
1142 1003 1233 1066 ad
1291 1023 1543 1065 annum
1605 1009 1735 1081 358
1798 1002 2005 1066 tradit
2058 1003 2307 1065 ducem
2364 1001 2761 1064 Romanum
2806 1020 2973 1063 cum

770 1120 1114 1183 exercitus
1159 1121 1450 1182 adversa
1495 1117 1716 1182 Gallis
1762 1128 1985 1181 castra
2027 1119 2343 1192 haberet,
2390 1117 2626 1198 copias
2660 1138 2701 1180 e
2725 1116 2976 1180 castris

769 1237 1023 1299 ducere
1091 1236 1392 1298 noluisse
1462 1245 1534 1298 et
1601 1255 1890 1317 gravem
1950 1234 2246 1298 edidisse
2305 1254 2602 1316 poenam
2618 1283 2635 1307 ,
2700 1233 2756 1296 si
2815 1232 2978 1315 quis

769 1352 1027 1414 iniussu
1071 1371 1314 1414 manus
1361 1362 1767 1414 consereret.
1837 1349 1981 1415 Sed
2025 1351 2211 1432 apud
2256 1371 2415 1414 eum
2456 1351 2737 1413 tandem
2775 1349 2980 1412 ducis

771 1467 1136 1531 obstinatio
1204 1487 1249 1529 a
1313 1467 1644 1531 militibus
1712 1466 2005 1530 vincitur
2023 1516 2040 1541 ‚
2106 1477 2178 1530 et
2236 1487 2348 1529 res
2409 1466 2480 1528 in
2540 1466 2979 1547 praeclaram

771 1583 1243 1646 Romanorum
1325 1583 1682 1645 victoriam
1765 1593 1837 1646 et
1911 1582 2237 1646 usitatum
2299 1582 2721 1663 triumphum
2793 1580 2977 1654 exit;

772 1699 936 1782 quin
994 1699 1201 1763 etiam
1258 1719 1398 1762 non
1455 1699 1677 1762 minus
1733 1699 1845 1761 hic
1890 1719 2098 1781 quam
2141 1699 2212 1761 in
2256 1697 2494 1762 fabula
2543 1699 2632 1761 de
2680 1696 2978 1761 Camillo

774 1837 832 1879 a.
898 1836 1029 1895 390
1089 1836 1177 1878 ne
1237 1835 1568 1897 magnum
1626 1817 1896 1898 pondus
1940 1816 2085 1878 auri
2131 1815 2408 1898 quidem
2458 1813 2679 1878 Gallis
2725 1813 2979 1876 direm-

772 1941 919 1994 tum
962 1940 1033 1995 et
1077 1930 1148 1993 in
1195 1929 1535 2012 Capitolio
1582 1941 1899 2013 saeptum
1944 1930 2387 1994 desideratur.

862 2046 1032 2109 Inde
1091 2067 1135 2108 a
1193 2066 1434 2129 pugna
1494 2048 1584 2109 ad
1630 2044 1991 2110 Sentinum
2036 2047 2399 2110 commissa
2443 2045 2539 2128 (P.
2588 2065 2644 2108 e.
2700 2066 2776 2123 19
2824 2048 2858 2119 ἓ
2909 2042 2977 2124 6)

775 2163 992 2244 vulgo
1039 2162 1375 2225 consentit
1417 2181 1578 2225 cum
1622 2163 1914 2245 vulgata
1958 2161 2320 2225 traditione
2366 2160 2715 2243 Polybius.
2790 2160 2976 2222 Tan-

775 2287 919 2340 tum
981 2278 1068 2341 de
1130 2278 1213 2340 iis
1268 2279 1474 2341 rebus
1533 2298 1713 2360 quae
1760 2279 2111 2360 excipiunt
2156 2278 2582 2341 obsidionem
2627 2275 2886 2339 Arretii
2929 2296 2981 2338 a

777 2393 1071 2476 Polybio
1133 2393 1477 2474 discrepat
1536 2393 1774 2457 Livius
1836 2394 2005 2476 (peri
2061 2393 2228 2457 XII.
2276 2392 2471 2458 Oros
2516 2392 2638 2455 III.
2690 2391 2810 2474 22).
2900 2391 2980 2455 Is

779 2509 959 2571 enim
1018 2509 1226 2572 tradit
1288 2529 1444 2572 cum
1504 2510 1722 2593 legati
1786 2510 2089 2573 Romani
2143 2510 2261 2592 qui
2307 2509 2395 2572 ad
2439 2528 2683 2591 pacem
2728 2507 2978 2570 adhor-

779 2633 1085 2688 tarentur
1129 2645 1171 2687 a
1215 2622 1603 2688 Senonibus
1649 2625 1991 2689 interfecti
2037 2636 2264 2689 essent
2282 2674 2298 2701 ‚
2345 2625 2610 2688 bellum
2652 2624 2736 2687 iis
2761 2622 2980 2686 indic-

779 2750 925 2803 tum
986 2760 1137 2803 esse
1192 2750 1264 2804 et
1308 2740 1385 2804 L.
1433 2740 1809 2805 Caecilium
1853 2751 2240 2824 praetorem
2287 2743 2375 2803 ab
2419 2741 2503 2803 iis
2548 2760 2708 2804 cum
2751 2739 2978 2821 legio-

778 2856 977 2919 nibus
1023 2877 1299 2920 caesum
1346 2877 1515 2920 esse.
1584 2856 1799 2938 Apud
1845 2858 2212 2939 Polybium
2249 2856 2588 2921 Caecilius
2613 2855 2983 2919 Arretinus

782 2971 1112 3035 auxilium
1187 2973 1447 3035 laturus
1516 2993 1757 3036 caesus
1826 2982 1930 3036 est
1949 3022 1964 3048 ‚
2033 2973 2279 3036 deinde
2347 2971 2566 3054 legati
2637 2992 2681 3034 a
2738 2971 2983 3034 Manio

785 3085 987 3149 Curio
1041 3088 1226 3152 missi
1272 3089 1361 3151 ab
1406 3088 1487 3151 iis
1532 3087 1773 3151 fraude
1821 3088 2450 3153 circumveniuntur.
2538 3086 2984 3150 Traditiones

786 3202 1131 3267 conciliari
1175 3212 1539 3286 nequeunt.

1328 3431 1417 3504 V.
1509 3432 1747 3505 Initia
1788 3432 1971 3504 belli
2014 3432 2286 3504 Punici
2329 3433 2431 3504 II.

1583 3576 1733 3642 Pol.
1787 3579 1910 3643 III.
1962 3600 2018 3643 c.
2071 3600 2171 3659 29.

879 3778 1209 3860 Quotiens
1296 3782 1545 3846 diserte
1627 3785 1715 3846 de
1799 3784 1933 3847 situ
2008 3781 2303 3866 Sagunti
2370 3784 2606 3866 oppidi
2676 3784 2989 3866 loquitur

789 3892 1023 3957 Livius
1044 3943 1058 3969 ,
1107 3906 1293 3959 recte
1343 3898 1507 3961 dicit
1551 3900 1621 3961 id
1665 3901 1868 3962 situm
1915 3899 2125 3971 fuisse
2168 3901 2502 3964 Romanis
2548 3902 2728 3964 ultra
2766 3900 2989 3964 Hibe-

790 4030 942 4073 rum
961 4059 974 4086 ,
1046 4011 1294 4076 Poenis
1361 4013 1458 4078 cis
1526 4015 1895 4090 Hiberum,
1965 4016 2110 4079 sive
2183 3993 2568 4099 Saguntum
2635 4015 2845 4080 fuisse
2912 4017 2989 4080 in

790 4135 985 4207 parte
1046 4127 1471 4192 meridionali
1531 4129 1823 4194 fluminis
1878 4130 2120 4194 Hiberi
2158 4127 2220 4213 ¹).
2312 4130 2483 4197 Cum
2529 4153 2614 4194 ea
2659 4131 2988 4215 opinione

888 4364 926 4443 ¹)
987 4369 1054 4425 L.
1117 4370 1280 4428 XXI.
1343 4390 1394 4429 c.
1464 4389 1494 4449 5
1557 4379 1585 4442 ἓ
1649 4387 1754 4446 17:
1814 4371 2056 4448 „civitas
2111 4391 2182 4431 ea
2235 4371 2749 4453 (Saguntinorum)
2807 4375 2996 4453 longe
