3375 5084
1860 342 1939 397 26

805 531 1229 593 exercendae
1247 579 1261 605 ,
1308 539 1452 593 tum
1495 531 1564 592 in
1610 529 1858 592 iudicio
1906 529 1992 591 de
2041 527 2237 591 rebus
2282 526 2535 592 divinis
2567 531 2998 612 conspicitur.

803 646 1030 708 Metus
1099 655 1170 708 et
1236 646 1456 709 cultus
1519 646 1800 707 deorum
1861 644 2147 707 instituti
2210 664 2363 706 esse
2422 645 2485 707 ei
2540 645 2858 710 videntur
2907 648 2998 709 ad

802 764 1248 832 coercendam
1301 763 1524 845 plebis
1571 761 1953 836 libidinem;
2003 761 2332 842 pietatem
2380 781 2548 844 erga
2595 764 2763 826 deos
2809 765 2991 827 hanc

800 881 889 943 ob
939 898 1213 943 causam
1259 879 1328 940 in
1373 878 1726 960 republica
1772 877 2130 940 colendam
2178 897 2328 939 esse
2370 878 2685 959 opinatur
2714 880 2874 961 quia
2906 901 2994 943 ea

796 994 939 1058 fere
1009 1015 1164 1058 cum
1221 993 1420 1063 bonis
1482 993 1785 1056 moribus
1846 1002 1916 1055 et
1975 992 2317 1074 probitate
2365 994 2724 1057 coniuncta
2785 996 2873 1059 sit
2920 995 2991 1078 ¹);

799 1112 960 1194 quin
1052 1111 1258 1173 etiam
1339 1109 1885 1192 superstitionem
1910 1158 1924 1184 ‚
2005 1107 2527 1192 δεισιδαιμονίαν
2555 1162 2570 1190 ,
2667 1132 2873 1193 quam
2953 1133 2997 1174 a

797 1227 1141 1310 plerisque
1209 1226 1597 1289 hominibus
1666 1225 1894 1307 sperni
1962 1225 2197 1288 videat
2213 1274 2227 1300 ‚
2297 1225 2636 1289 Romanis
2699 1247 2997 1309 magnae

802 1343 1077 1406 utilitati
1123 1341 1328 1406 fuisse
1378 1352 1636 1417 censet,
1683 1362 1841 1404 nam
1890 1362 2044 1405 cum
2090 1352 2165 1405 ut
2212 1362 2445 1405 omnes
2495 1343 2681 1406 cives
2728 1345 2996 1426 sapien-

798 1470 903 1523 tes
963 1460 1096 1522 sint
1156 1457 1302 1522 fieri
1365 1480 1502 1522 non
1564 1459 1782 1541 possit
1798 1508 1812 1534 ‚
1871 1471 2182 1541 superest
2228 1469 2303 1522 ut
2348 1460 2542 1522 vanis
2589 1461 2997 1542 quibusdam

798 1576 1130 1640 terriculis
1196 1577 1400 1640 animi
1448 1576 1672 1658 plebis
1719 1585 2113 1658 premantur
2149 1575 2210 1657 ²).
2303 1575 2543 1658 Itaque
2594 1587 2782 1641 certo
2831 1598 2998 1659 quo-

801 1694 959 1755 dam
1044 1692 1325 1755 consilio
1405 1693 1687 1755 deorum
1765 1702 1834 1756 et
1912 1692 2180 1755 Tartari
2268 1701 2651 1756 commenta
2725 1703 3000 1757 veteres

799 1809 883 1891 (οἱ
942 1804 1237 1889 παλαιοί)
1299 1809 1741 1882 induxerunt;
1804 1807 2106 1870 Romani
2170 1817 2399 1870 autem
2466 1828 2620 1870 cum
2667 1809 2999 1890 pietatem

804 1946 973 2008 erga
1019 1927 1184 1989 deos
1230 1925 1678 2000 servaverint,
1705 1924 2048 2007 probitate
2072 1924 2281 2007 longe
2305 1934 2654 2007 praestant
2678 1924 2993 2001 Graecis3

802 2042 976 2117 viro,
1025 2042 1241 2123 inquit
1256 2090 1270 2117 ,
1319 2061 1572 2124 graeco
1618 2041 2112 2123 rempublicam
2157 2041 2426 2124 gerenti
2461 2042 2725 2105 etiamsi
2755 2043 3001 2105 decem

801 2159 1137 2221 adduntur
1199 2159 1514 2220 custodes
1574 2178 1661 2220 ne
1724 2157 2058 2220 talentum
2120 2158 2395 2240 quidem
2453 2166 2597 2221 tute
2654 2156 3001 2222 confidere

802 2274 1053 2356 possis;
1116 2273 1420 2336 Romani
1480 2293 1523 2335 a
1577 2272 1757 2335 furto
1803 2273 2099 2336 maxime
2146 2273 2350 2337 alieni
2396 2283 2567 2337 sunt.
2661 2272 2772 2337 Ob
2819 2275 3001 2337 hanc

803 2371 1154 2473 religionis
1223 2390 1587 2453 utilitatem
1649 2389 1856 2452 etiam
1919 2389 2359 2472 scriptoribus
2420 2390 2622 2454 venia
2685 2399 2790 2453 est
2843 2410 3002 2453 cum

801 2508 888 2571 de
949 2508 1154 2570 rebus
1217 2507 1462 2570 divinis
1517 2507 1847 2570 miracula
1895 2507 2167 2570 tradant
2182 2555 2198 2582 ‚
2246 2527 2334 2570 ne
2380 2507 2580 2589 plebs
2625 2527 2668 2569 a
2715 2508 3003 2570 deorum

800 2633 987 2687 metu
1035 2623 1373 2686 eximatur
1412 2620 1473 2704 ³).
1545 2622 1743 2685 Haec
1788 2622 2063 2704 Polybii
2110 2622 2446 2691 sententia
2476 2642 2752 2701 causam
2777 2632 3003 2686 osten-

800 2740 900 2803 dit
961 2760 1080 2802 cur
1141 2740 1288 2822 ipse
1357 2739 1697 2802 interdum
1751 2740 1840 2801 ad
1887 2740 2169 2801 deorum
2215 2759 2464 2801 numen
2512 2748 2582 2801 et
2626 2739 3002 2802 vindictam

798 2865 1131 2938 provocat
1167 2854 1243 2938 ⁴);
1306 2856 1438 2918 hoc
1502 2853 1872 2918 infirmitati
1932 2854 2155 2937 plebis
2212 2864 2282 2917 et
2330 2855 2668 2917 communi
2716 2875 3001 2918 consue-

805 2972 1020 3034 tudini
1091 2971 1296 3034 dedit.
1387 2970 1543 3033 Hoc
1612 2991 1820 3033 unum
1882 2971 1946 3034 ei
2005 2970 2173 3034 vitio
2237 2971 2638 3034 vertendum
2695 2971 2971 3034 videtur
2986 3020 3001 3047 ,

801 3086 985 3168 quod
1049 3086 1361 3167 opinatus
1420 3086 1508 3148 sit
1524 3134 1538 3161 ,
1597 3086 2169 3168 quemadmodum
2215 3086 2362 3167 ipse
2409 3086 2666 3148 cultum
2714 3088 3003 3150 deorum

801 3211 1153 3283 sperneret
1168 3249 1183 3276 ,
1252 3201 1350 3265 sic
1425 3222 1658 3264 omnes
1727 3202 2036 3265 homines
2099 3201 2433 3284 sapientia
2493 3202 2852 3286 insignitos
2911 3204 3005 3266 ad

803 3317 1091 3380 eandem
1161 3317 1408 3381 mentis
1478 3317 1837 3381 sanitatem
1898 3318 2292 3400 pervenisse
2355 3327 2425 3382 et
2476 3318 2739 3382 ratione
2794 3328 3005 3402 atque

891 3578 930 3660 ¹)
987 3580 1197 3655 Itaque
1256 3577 1445 3655 pietas
1507 3576 1726 3637 civium
1782 3577 2083 3637 interdum
2140 3577 2193 3637 ei
2249 3588 2338 3637 est
2382 3576 2615 3656 signum
2655 3577 2975 3656 probitatis
2990 3602 3008 3654 3

796 3681 885 3736 VI
950 3699 1024 3737 20
1039 3700 1056 3754 3
1100 3680 1173 3736 V.
1229 3681 1360 3736 106.
1444 3678 1500 3734 T
1501 3677 1835 3753 emplorum
1874 3675 2221 3737 violationes
2239 3722 2253 3750 ,
2295 3696 2387 3737 res
2426 3675 2608 3754 impie
2650 3687 2878 3755 gestas,
2924 3679 3010 3738 ob

798 3779 1049 3837 eandem
1092 3795 1335 3837 causam
1377 3774 1678 3853 improbat
1722 3777 1825 3835 IV.
1872 3779 1944 3850 67
1991 3781 2018 3846 ξ
2061 3796 2100 3849 4
2113 3797 2129 3850 ;
2172 3777 2248 3834 V.
2294 3796 2329 3853 9
2372 3783 2400 3848 5
2450 3778 2603 3834 1—-6
2646 3785 2706 3835 et
2753 3795 2826 3834 10
2870 3780 3006 3852 §63

794 3879 929 3937 VII.
994 3897 1065 3954 13
1122 3884 1150 3948 5
1202 3895 1236 3952 3
1256 3897 1271 3949 ;
1323 3894 1396 3947 14
1437 3881 1464 3946 ξ
1508 3893 1543 3950 3
1561 3895 1577 3949 3
1620 3874 1715 3933 vel
1758 3872 1899 3949 quia
1944 3871 2104 3932 stulti
2147 3882 2237 3932 est
2276 3872 2426 3933 iram
2467 3873 2529 3932 in
2569 3873 2838 3935 homines
2880 3894 3010 3935 sus-

793 3985 1031 4053 ceptam
1073 3983 1286 4035 contra
1326 3973 1471 4034 deos
1514 3972 1818 4032 effundere
1860 3973 1966 4031 XI.
2018 3987 2046 4044 7
2093 3979 2122 4043 ς
2167 3991 2221 4030 2.

878 4073 929 4155 2)
968 4076 1033 4135 P.
1078 4076 1184 4132 VI.
1229 4093 1282 4132 c.
1332 4076 1426 4151 56.

882 4171 930 4253 3)
969 4174 1031 4231 P.
1078 4174 1243 4232 XVI.
1287 4191 1338 4230 c.
1390 4191 1462 4229 12
1507 4177 1535 4242 ξ
1579 4189 1636 4246 9.

878 4270 928 4349 ⁴¹)
971 4273 1036 4330 P.
1094 4270 1345 4329 XXXII.
1398 4285 1469 4344 25
1514 4275 1542 4339 ξ
1590 4287 1682 4339 14,
1727 4264 1832 4324 sed
1875 4266 1980 4324 cfr.
2024 4267 2248 4324 XXXI.
2297 4287 2363 4325 11
2414 4274 2442 4338 ξ
2485 4288 2554 4340 4:
2590 4276 2654 4337 ὡς
2690 4272 2819 4331 ἔνιοί
2838 4297 3008 4349 φασι,

805 4388 874 4446 13
917 4378 944 4441 ἓ
992 4389 1058 4444 23
1100 4372 1201 4428 IV.
1252 4388 1320 4427 21
1370 4374 1397 4439 ξ
1446 4386 1551 4440 113
1595 4366 1699 4423 XI.
1750 4366 1991 4436 2458.
