3375 5084
1451 358 1571 430 189

416 546 736 608 Valerius
798 546 983 608 Max.
1046 545 1465 627 legationem
1530 556 1687 627 post
1732 546 2021 609 alterum
2067 547 2490 610 consulatum
2539 557 2608 610 et

415 662 854 724 Numantiam
947 661 1248 723 excisam
1323 662 1590 743 posuit;
1669 663 1854 742 quod
1928 682 2166 723 verum
2242 683 2394 725 esse
2470 683 2606 725 non

412 787 676 858 potest,
738 798 896 839 nam
954 775 1186 858 Scipio
1257 798 1373 854 132
1436 778 1852 858 triumphum
1899 777 2076 859 egit,
2133 798 2253 856 129
2301 787 2607 840 mortuus

415 902 552 967 est,
616 902 687 955 et
742 913 800 955 a.
868 913 939 969 13
957 914 978 953 1
1035 912 1133 973 sq.
1226 891 1507 956 Crassus
1552 893 1812 954 bellum
1858 893 1925 954 in
1972 892 2144 954 Asia
2187 893 2403 975 gessit
2448 913 2603 955 cum

406 1007 803 1071 Aristonico
821 1056 834 1083 ‚
881 1008 1097 1090 legati
1145 1017 1372 1071 autem
1420 1007 1664 1070 Asiam
1711 1018 2028 1089 pacatam
2076 1009 2402 1071 obierunt.
2472 1008 2605 1070 Ita·

404 1144 542 1204 que
590 1143 745 1186 cum
791 1143 882 1185 ex
925 1123 1058 1185 illis
1102 1124 1272 1186 locis
1318 1125 1405 1186 de
1451 1133 1760 1204 tempore
1808 1124 2176 1206 legationis
2223 1124 2389 1186 nihil
2437 1124 2605 1187 certi

410 1238 594 1302 effici
654 1241 871 1320 possit
888 1288 902 1314 ,
958 1239 1160 1302 facile
1206 1241 1508 1303 adducor
1551 1249 1626 1303 ut
1670 1242 1960 1321 probem
2004 1241 2339 1303 rationem
2385 1240 2605 1302 Muel-

408 1356 553 1419 leri.
645 1356 713 1418 Is
774 1356 954 1418 enim
1007 1354 1170 1431 „ita”
1216 1356 1312 1418 ait
1364 1356 1807 1431 „Posidonius
1853 1355 1920 1417 in
1966 1356 2261 1418 historiis
2308 1356 2455 1437 agit
2472 1404 2485 1428 ,
2533 1366 2608 1417 ut

408 1472 698 1554 singulis
758 1471 948 1533 libris
1008 1471 1203 1535 unius
1263 1470 1405 1533 fere
1454 1472 1610 1533 anni
1655 1491 1767 1533 res
1810 1480 2199 1552 pertractet.
2292 1471 2605 1533 Iamvero

412 1609 588 1670 quae
651 1609 690 1650 e
752 1587 927 1650 libro
988 1586 1058 1648 V
1118 1585 1490 1650 afferuntur
1547 1587 1891 1668 pertinent
1951 1588 2038 1649 ad
2083 1606 2193 1649 res
2240 1588 2395 1649 anni
2452 1608 2472 1648 1
2489 1592 2570 1664 38
2591 1635 2605 1661 ‚

406 1724 548 1785 quo
619 1713 857 1784 captus
925 1714 1030 1765 est
1097 1679 1520 1777 Demetrius;
1593 1711 1663 1765 et
1725 1722 1900 1783 quae
1965 1723 2004 1763 e
2059 1702 2235 1764 libro
2300 1702 2472 1764 VIII
2519 1706 2604 1763 'de

411 1819 628 1881 siculo
677 1838 1029 1881 servorum
1074 1817 1239 1881 belli
1286 1819 1641 1900 leguntur,
1673 1817 2033 1879 referenda
2063 1827 2219 1880 sunt
2243 1819 2332 1880 ad
2357 1838 2607 1880 annum

424 1957 445 1996 1
461 1956 564 2012 34.
656 1935 876 2017 Igitur
936 1955 1027 1997 ex
1087 1935 1191 1996 his
1253 1934 1601 2016 colligitur
1661 1933 2082 2015 legationem
2137 1935 2364 2015 (quam
2411 1935 2606 1996 uber-

410 2053 580 2115 rime
642 2061 1041 2134 prosecutus
1102 2061 1208 2114 est
1268 2052 1343 2114 P.
1404 2052 1579 2113 libro
1626 2050 1786 2132 VII)
1831 2051 2174 2133 pertinere
2222 2052 2309 2113 ad
2356 2071 2604 2113 annum

418 2175 541 2248 136
612 2169 727 2230 vel
789 2169 975 2250 quod
1034 2168 1266 2230 malim
1329 2169 1418 2230 ad
1479 2188 1536 2230 a.
1609 2188 1751 2245 135.
1841 2167 2105 2229 Eodem
2163 2167 2350 2229 ducit
2395 2168 2605 2231 series

405 2285 952 2366 fragmentorum
997 2283 1314 2346 Diodori''
1348 2279 1408 2364 1).
1478 2282 1686 2345 Addo
1737 2303 1891 2345 cum
1937 2283 2067 2345 hac
2103 2283 2364 2345 ratione
2397 2283 2604 2346 etiam

327 2452 340 2466 ,
406 2401 654 2463 melius
702 2400 1067 2463 convenire
1114 2420 1290 2482 quae
1336 2399 1603 2480 scripsit
1650 2397 1787 2462 Cic.
1835 2399 1942 2460 de.
1969 2418 2109 2479 rep.
2157 2399 2277 2461 III.
2329 2418 2408 2475 35
2431 2446 2445 2472 ,
2489 2398 2604 2461 ubi

347 2560 355 2567 -
407 2515 801 2599 Scipionem
872 2537 960 2608 a.
1010 2538 1031 2578 1
1049 2537 1131 2596 29
1200 2514 1318 2598 Sp.
1380 2515 1712 2578 Mummio
1774 2515 1946 2577 haec
2011 2515 2351 2577 dicentem
2411 2513 2601 2578 facit:

415 2633 719 2709 „Rhodii
787 2634 971 2714 apud
1038 2652 1210 2712 quos
1280 2651 1496 2711 nuper
1555 2630 1801 2692 fuimus
1863 2629 2050 2693 una.''
2140 2630 2321 2692 Illud
2385 2635 2603 2714 nuper

407 2749 593 2812 enim
661 2749 889 2830 potius
959 2748 1217 2811 dictum
1287 2767 1435 2810 esse
1506 2747 1712 2809 credo
1784 2746 1871 2808 de
1933 2746 2153 2827 spatio
2216 2765 2344 2807 sex
2399 2765 2602 2826 quam

406 2864 957 2953 quattuordecim
1004 2883 1349 2926 annorum.

503 2981 763 3063 Quodsi
825 2990 1055 3043 autem
1117 2979 1378 3062 legatio
1434 2999 1491 3041 a.
1549 2983 1669 3055 136
1718 2977 1833 3039 vel
1888 2997 2005 3054 135
2057 2975 2241 3039 facta
2286 2984 2391 3066 est
2410 3024 2424 3050 ‚
2471 2985 2604 3038 sta-

405 3099 739 3160 tuendum
788 3106 892 3159 est
937 3095 1302 3177 Polybium
1350 3094 1413 3157 ei
1457 3114 1593 3156 non
1638 3091 2039 3155 interfuisse.
2111 3091 2336 3154 Locus
2382 3090 2603 3154 Athe-

408 3213 568 3276 naei
586 3262 600 3289 ,
659 3214 993 3295 siquidem
1049 3221 1236 3275 recte
1282 3211 1486 3293 (quod
1531 3209 1790 3289 dubito)
1835 3208 2113 3289 Polybii
2155 3227 2402 3270 nomen
2450 3227 2605 3270 cum

408 3305 763 3392 Posidonii
823 3328 918 3392 ibi
979 3328 1432 3410 compositum
1495 3335 1602 3388 est
1619 3374 1633 3401 ,
1698 3326 1786 3386 ad
1847 3324 2197 3388 historiam
2251 3323 2420 3387 belli
2464 3323 2601 3386 Nu-

407 3446 690 3509 mantini
758 3444 1151 3507 referendus
1222 3463 1373 3506 esse
1441 3442 1729 3504 videtur.
1842 3440 2020 3503 Nam
2089 3439 2361 3521 Polybii
2431 3458 2603 3520 opus

413 3563 804 3625 absolutum
849 3560 976 3623 fuit
1021 3559 1369 3643 aliquanto
1418 3568 1575 3622 ante
1630 3579 1653 3619 1
1668 3579 1753 3635 34
1772 3605 1787 3631 ‚
1832 3557 2064 3639 itaque
2107 3577 2245 3618 non
2277 3554 2603 3619 credibile

410 3688 519 3742 est
584 3678 833 3741 librum
901 3675 1237 3740 XXXIV
1303 3685 1463 3758 post
1499 3693 1649 3752 .135
1717 3674 2043 3755 scriptum
2104 3693 2285 3747 esse;
2334 3672 2605 3735 accedit

412 3796 598 3877 quod
658 3794 854 3857 multi
913 3793 1049 3857 loci
1103 3793 1181 3876 (e.
1240 3811 1342 3875 gr.
1389 3790 1552 3854 XV.
1603 3811 1688 3869 30
1735 3795 1767 3866 ἕ
1823 3789 1920 3871 10)
1967 3779 2202 3871 scripti
2245 3797 2402 3851 sunt
2444 3796 2604 3870 post

410 3910 1052 3994 peregrinationem.

507 4027 625 4089 Ad
691 4025 1125 4088 Numantiam
1195 4043 1348 4087 cum
1410 4020 1733 4104 Scipione
1793 4020 1998 4083 fuisse
2055 4019 2420 4101 Polybium
2464 4038 2602 4081 non

418 4151 714 4217 constat,
773 4160 927 4204 cum
972 4140 1139 4202 nihil
1186 4141 1273 4201 de
1320 4159 1404 4201 ea
1448 4157 1522 4200 re
1567 4135 1888 4200 traditum
1932 4135 2333 4208 habeamus;
2379 4153 2599 4216 neque

504 4385 545 4465 ¹)
587 4386 835 4443 Mueller
875 4383 943 4441 fr.
989 4385 1069 4441 H.
1114 4382 1220 4440 Gr.
1266 4382 1341 4439 11.
1386 4401 1443 4458 p.
1493 4401 1587 4438 20.
