3375 5084
1419 373 1537 430 133

383 558 455 610 et
500 546 786 611 fortasse
834 546 1004 609 duos
1049 545 1339 609 mutavit
1383 564 1702 607 numeros
1745 540 1802 625 ¹).
1898 543 2101 625 Quod
2156 565 2310 607 cum
2356 547 2453 608 ita
2499 567 2572 609 se

382 666 634 728 habeat
650 713 665 739 ,
728 663 957 726 mirari
1019 662 1262 744 aliquis
1322 662 1538 743 possit
1598 681 1719 724 cur
1779 661 2023 724 eodem
2070 662 2295 744 capite
2342 663 2571 726 multis

377 780 607 842 verbis
691 779 991 861 speciem
1059 778 1397 859 repellere
1467 778 1741 841 studeat
1809 777 2005 858 quasi
2073 778 2246 841 haec
2313 773 2571 844 temere

379 895 693 977 scriptori
763 895 965 959 alicui
1022 895 1385 958 crediderit
1402 942 1416 970 ,
1472 914 1731 976 suaque
1780 894 2018 957 sedulo
2065 905 2368 977 opponat
2414 894 2573 960 alio-

375 1034 530 1076 rum
593 1021 947 1077 auctorum
1002 1012 1271 1093 scriptis
1318 1012 1549 1092 specie
1597 1011 1872 1093 quidem
1919 1012 2254 1077 accuratis
2271 1060 2286 1086 ,
2333 1033 2576 1076 revera

382 1130 574 1192 nulla
615 1127 751 1192 fide
798 1128 1023 1211 dignis
1069 1130 1120 1211 (ἓ
1177 1150 1198 1189 1
1218 1127 1302 1209 7),
1349 1128 1607 1190 nullam
1640 1129 1814 1191 alius
1845 1129 2140 1192 auctoris
2161 1129 2573 1192 mentionem

375 1245 636 1309 faciens
695 1245 822 1308 nisi
882 1244 1092 1326 ipsius
1154 1244 1589 1307 HannibaIiS.
1648 1245 1763 1325 qui
1809 1244 2072 1308 Lacinii
2115 1246 2296 1309 hunc
2341 1266 2573 1309 recen-

376 1382 529 1425 sum
587 1362 734 1444 ipse
792 1360 1302 1453 conscripsisset
1347 1359 1526 1441 (ibid.
1574 1366 1605 1437 ἓ
1662 1382 1684 1422 1
1701 1359 1778 1442 8).
1872 1360 2089 1424 Nobis
2138 1361 2320 1425 enim
2365 1381 2572 1443 appa-

375 1479 514 1541 ruit
579 1477 944 1559 Polybium
991 1497 1147 1541 cum
1194 1476 1465 1539 titulum
1508 1476 1770 1540 Lacinii
1815 1477 2185 1541 invenisset
2227 1498 2574 1542 numeros-

379 1615 515 1675 que
588 1604 657 1657 et
721 1593 998 1656 nomina
1064 1593 1223 1656 inde
1292 1592 1761 1674 descripsisset
1777 1641 1792 1668 ‚
1854 1593 1981 1656 hos
2042 1613 2359 1657 numeros
2421 1615 2574 1658 cum

379 1709 598 1774 Sileni
667 1710 1206 1792 comparavisse3
1280 1709 1526 1773 deinde
1597 1730 1753 1773 cum
1821 1707 2130 1774 Silenum
2199 1711 2380 1773 omni
2440 1710 2575 1775 fide

379 1827 667 1909 dignum
724 1847 875 1889 esse
922 1826 1368 1908 comperisset
1386 1874 1402 1899 ,
1448 1827 1628 1889 hunc
1675 1846 1911 1908 presse
1959 1827 2151 1908 sequi
2196 1826 2543 1890 induxisse
2560 1876 2574 1902 ‚
2626 1836 2637 1849 '

377 1943 509 2005 nisi
575 1963 1009 2005 numerorum
1078 1953 1150 2005 et
1217 1941 1528 2024 gentium
1591 1942 1827 2005 ordine
1890 1953 2239 2006 reservato
2301 1944 2575 2024 qualem

378 2060 617 2122 titulus
661 2060 1042 2140 praeberet.
1112 2058 1269 2121 Hoc
1316 2059 1472 2121 loco
1519 2057 1754 2139 paullo
1792 2050 2093 2139 'iniquius
2139 2079 2293 2122 cum
2340 2056 2574 2123 Sileno

377 2175 607 2258 egisse
655 2174 857 2239 facile
904 2175 1107 2239 alicui
1152 2174 1368 2236 videri
1415 2175 1630 2255 possit
1677 2174 2010 2256 Polybius
2025 2223 2041 2249 ,
2083 2194 2237 2238 cum
2270 2195 2574 2257 praeser-

379 2292 500 2354 tim
547 2291 695 2372 ipse
742 2292 952 2354 addat
1005 2291 1265 2354 auctori
1310 2291 1678 2352 admodum
1725 2287 2000 2353 difficile
2049 2311 2198 2353 esse
2245 2291 2421 2353 tales
2465 2311 2575 2354 res

379 2417 696 2471 accurate
780 2407 1081 2482 tradere;
1167 2407 1290 2470 sed
1365 2407 1539 2469 haec
1606 2405 1779 2469 ratio
1850 2406 2122 2469 omnino
2196 2406 2401 2469 moris
2471 2416 2575 2471 est
2662 2460 2667 2465 .

378 2525 669 2606 Polybii.
761 2523 996 2606 Atque
1062 2526 1514 2588 concedamus
1577 2543 1858 2587 necesse
1915 2534 2019 2587 est
2036 2572 2051 2599 ‚
2099 2524 2574 2588 auctoritatem

378 2640 595 2707 Sileni
677 2661 952 2723 prorsus
1029 2640 1383 2705 occaecari
1448 2661 1616 2722 prae
1691 2641 2094 2704 auctoritate
2162 2640 2371 2715 tituli;
2440 2643 2572 2703 hoc

377 2768 565 2821 recte
633 2758 805 2820 vidit
870 2757 1218 2839 Polybius.
1289 2795 1372 2802 —
1443 2757 1776 2840 Polybius
1839 2758 2054 2839 vulgo
2115 2757 2279 2820 satis
2338 2777 2571 2838 presse

379 2875 683 2956 sequitur
749 2883 1061 2937 auctores
1130 2893 1288 2937 suos
1305 2923 1319 2949 ‚
1383 2873 1565 2956 quod
1626 2883 1914 2956 apparet
1980 2894 2019 2936 e
2067 2873 2572 2954 comparatione

378 2990 586 3065 Livii,
638 2991 780 3054 sed
840 2989 1176 3071 quaedam
1237 2990 1367 3052 sibi
1427 2990 1703 3071 propria
1754 2991 1981 3053 habet.
2075 2986 2190 3053 Sic
2235 2988 2572 3052 interdum

375 3106 655 3170 brevius
700 3127 809 3169 res
854 3106 1138 3188 exponit
1151 3154 1165 3180 ‚
1214 3106 1404 3169 cuius
1448 3107 1550 3169 rei
1595 3127 1803 3169 unum
1841 3105 2234 3188 exemplum
2273 3103 2570 3170 afferam.

377 3223 465 3287 ΙΙ.
515 3245 570 3286 0.
622 3244 700 3301 35
751 3224 957 3286 tradit
987 3222 1448 3286 Hannibalem
1489 3245 1720 3287 10.ooo
1745 3223 2051 3304 peditum
2084 3222 2571 3304 Hispanorum,

387 3343 557 3402 1000
604 3339 867 3422 equites
914 3339 1188 3402 domum
1234 3340 1570 3403 remisisse
1588 3388 1603 3415 ‚
1649 3349 1726 3404 ut
1771 3360 1890 3403 eos
1928 3340 2056 3402 sibi
2087 3314 2326 3404 fideles
2350 3339 2571 3403 socios

375 3458 447 3518 in
505 3455 848 3537 ‘Hispania
906 3457 1333 3538 relinqueret.
1426 3454 1698 3521 Silenus
1762 3466 1992 3520 autem
2045 3455 2210 3538 (Liv.
2258 3455 2464 3518 XXI.
2514 3476 2569 3519 C.

380 3572 486 3654 23)
532 3573 924 3653 scripserat,
974 3594 1150 3651 3ooo
1197 3572 1735 3655 Carpetanorum
1779 3572 2086 3654 peditum
2133 3572 2345 3635 invito
2384 3571 2569 3634 Han-

374 3688 606 3751 nibale
674 3709 716 3751 a
785 3689 1142 3770 Pyrenaeo
1212 3689 1389 3752 saltu
1455 3689 1585 3752 iter
1646 3690 1974 3752 avertisse
1992 3737 2006 3763 ‚
2068 3697 2257 3751 metu
2317 3689 2570 3770 longae

376 3804 533 3868 viae
602 3814 855 3878 motos;
930 3804 1174 3867 deinde
1242 3803 1700 3867 Hannibalem
1767 3804 1921 3866 illos
1978 3823 2115 3865 non
2176 3822 2537 3866 revocasse
2553 3852 2568 3877 ,

374 3942 464 3984 ne
535 3930 918 3984 ceterorum
986 3922 1193 3985 etiam
1261 3921 1466 3984 animi
1532 3921 1950 3984 irritarentur
1975 3967 1991 3993 ,
2063 3928 2299 3983 contra
2367 3940 2571 4001 supra

471 4201 513 4284 ¹)
553 4202 678 4264 Liv.
726 4225 841 4263 200
883 4205 1163 4283 Ilergetes
1203 4202 1561 4285 (Lergetes)‚
1606 4204 1730 4264 Pol.
1778 4223 1895 4279 300
1937 4203 2216 4279 Lergetes
2226 4221 2243 4274 3
2287 4198 2413 4260 Liv.
2452 4201 2570 4276 870

375 4305 651 4364 Baleares
667 4350 680 4376 ,
737 4305 862 4365 Pol.
918 4324 1232 4366 numerum
1286 4325 1408 4365 non
1457 4302 1668 4379 tradit,
1713 4301 1823 4362 nisi
1862 4300 1961 4362 hic
2000 4320 2280 4361 numerus
2322 4301 2569 4363 fortasse

378 4402 616 4464 excidit.
