3375 5084
1460 375 1585 434 239

420 545 626 607 credo
673 543 936 608 frustra.
1005 542 1316 608 Societas
1362 544 1684 607 Aetolica
1704 594 1717 618 ,
1764 566 1899 607 non
1930 566 2126 608 secus
2159 555 2363 627 atque
2399 546 2615 610 Athe-

417 659 686 722 nienses
747 669 1056 741 tempore
1118 661 1519 745 συμμαχίας,
1571 661 1837 742 oppidis
1884 670 1955 723 et
1999 661 2168 723 locis
2191 662 2615 743 imperabant

420 759 682 856 aliquot
704 796 881 857 quae
897 776 965 838 vi
990 785 1059 839 et
1082 777 1284 839 armis
1310 778 1397 838 ad
1423 772 1889 859 συμπολιτείαν
1908 778 2204 840 adducta
2228 775 2265 858 ¹)
2281 777 2611 840 tributum

421 891 692 953 solvere
755 892 1102 954 debebant
1141 891 1212 972 ²),
1261 900 1332 954 et
1376 912 1599 954 rerum
1653 892 1994 954 communi
2042 892 2616 955 administratione

420 1007 706 1069 exclusa
722 1055 736 1080 ,
784 1016 901 1070 aut
944 1028 1071 1070 sua
1099 1007 1408 1070 instituta
1439 1009 1805 1071 servabant
1829 1018 1946 1071 aut
1967 1008 2287 1090 praesidii
2311 1008 2613 1071 Aetolici

422 1122 579 1184 duci
643 1124 978 1203 parebant
1018 1122 1091 1205 3);
1140 1123 1288 1185 aliis
1334 1143 1509 1205 quae
1556 1125 1645 1186 ad
1694 1120 2159 1207 συμπολιτείαν
2208 1123 2617 1186 Aetolorum

421 1237 603 1299 ultro
635 1247 1083 1319 accesserant,
1118 1248 1193 1302 ut
1223 1258 1266 1301 a
1294 1240 1849 1320 praedationibus
1872 1240 2145 1322 integra
2167 1260 2242 1301 se
2266 1249 2618 1302 servarent

410 1508 606 1569 cenda
648 1528 774 1569 esse
816 1508 900 1589 (p.
948 1524 1061 1583 272
1081 1555 1097 1583 ,
1143 1524 1256 1586 277
1277 1554 1292 1583 ,
1340 1527 1455 1587 279
1499 1509 1776 1590 passim);
1805 1509 2097 1570 feritatem
2133 1509 2323 1588 gentis
2353 1529 2385 1569 e
2409 1519 2624 1569 natura

413 1608 567 1668 sedis
587 1654 601 1679 ‚
645 1628 678 1668 e
719 1607 885 1669 bellis
928 1607 1227 1685 perpetuis
1246 1654 1262 1682 ,
1304 1627 1337 1668 e
1379 1607 1645 1669 moribus
1685 1608 1861 1669 nullis
1904 1608 2182 1687 sapientis
2214 1608 2324 1668 viri
2343 1607 2623 1668 institutis

411 1706 689 1767 emollitis
731 1717 927 1768 ortam
969 1707 1148 1766 talem
1191 1705 1365 1767 fuisse
1383 1753 1398 1781 ,
1445 1717 1510 1768 ut
1551 1708 1719 1769 aliter
1762 1727 1939 1786 agere
1981 1727 2103 1768 non
2146 1718 2346 1785 posset
2388 1707 2470 1788 (p.
2506 1724 2619 1785 275

412 1806 527 1889 sq.)
569 1805 655 1886 (at
698 1825 920 1884 quaeso
960 1805 1024 1865 id
1066 1825 1176 1866 nos
1216 1803 1500 1867 inducere
1543 1817 1742 1884 potest
1785 1817 1851 1866 ut
1890 1806 2156 1868 facinora
2197 1809 2518 1884 probemus
2534 1806 2620 1887 ?);
2703 1802 2709 1808 ’

414 1904 543 1979 alii,
609 1915 674 1965 ut
735 1904 1039 1983 Philippus
1096 1915 1155 1964 et
1211 1904 1322 1982 ipsi
1376 1906 1603 1966 Achaei
1660 1906 1837 1966 etiam
1882 1905 2250 1966 admiserunt
2292 1926 2386 1966 res
2428 1925 2625 1983 repre·
2682 1931 2686 1935 >

411 2003 695 2065 hensione
737 2004 949 2082 dignas
990 2004 1074 2085 (p.
1122 2021 1235 2081 253
1279 2006 1419 2065 adn.
1465 2007 1573 2082 38,
1616 2004 1881 2087 passim).
1959 2025 1966 2033 ·

510 2099 552 2183 ¹)
594 2103 714 2162 Cfr.
758 2104 824 2162 P.
869 2105 974 2162 IV.
1023 2121 1094 2180 25
1140 2110 1168 2175 ς
1210 2106 1247 2162 6
1289 2102 1473 2185 (anno
1519 2104 1691 2185 219);
1734 2104 1877 2164 ibid.
1920 2112 1949 2177 ὅ
1995 2124 2048 2181 7.

499 2200 550 2281 2)
614 2204 890 2279 Droysen
952 2204 1031 2260 ΙΙ.
1093 2222 1155 2279 p.
1220 2223 1341 2277 404
1393 2203 1502 2263 hos
1556 2204 1723 2264 locos
1781 2205 2017 2263 laudat:
2063 2204 2293 2264 Aelian.
2337 2223 2435 2280 ap.
2479 2202 2623 2263 Suid

413 2321 470 2359 v.
511 2309 850 2379 ἁνήνοισθαις
897 2300 1103 2360 Locris
1146 2300 1425 2379 Opuntiis
1467 2301 1758 2363 tributum
1799 2301 2050 2385 (δασμός)
2089 2301 2415 2389 imperatur
2446 2301 2622 2383 (προς-

414 2398 692 2481 τάσσιται)
755 2402 832 2461 ab
894 2399 1124 2461 Aetolis
1141 2445 1156 2474 ,
1214 2418 1286 2459 ex
1341 2399 1631 2478 Antigoni
1684 2401 1840 2479 regis
1881 2401 2127 2462 arbitrio
2143 2424 2159 2477 ;
2205 2403 2310 2461 cfr.
2353 2402 2528 2461 Paus.
2572 2403 2620 2460 Ι.

417 2517 516 2578 25.
568 2520 593 2558 1
642 2510 702 2559 et
744 2502 822 2559 X.
869 2521 962 2559 21.
1015 2521 1065 2559 1.

502 2597 551 2679 ³)
590 2601 656 2659 P.
700 2602 833 2659 XV.
879 2619 933 2658 c,
980 2619 1054 2676 23
1096 2606 1124 2671 ξ
1167 2618 1203 2675 9
1246 2599 1323 2657 de
1365 2598 1596 2674 Cianis,
1641 2621 1695 2659 a.
1731 2621 1878 2659 201:
1910 2612 2208 2680 στρατηγοῦ
2237 2600 2358 2680 παρ’
2379 2605 2620 2661 Αἰτωλῶν

414 2705 465 2759 ἐν
508 2707 638 2778 αὐτῇ
676 2704 1035 2780 διατρίβοντος
1071 2703 1159 2758 καὶ
1196 2710 1513 2776 προεστῶτος
1548 2712 1648 2760 τῶν
1687 2714 1892 2762 κοινῶν.
1958 2702 2169 2775 Itaque
2202 2697 2367 2774 quod
2394 2699 2619 2757 XVIII.

418 2817 475 2874 3.
527 2817 595 2856 12
641 2798 717 2856 de
758 2796 969 2856 iisdem
1013 2794 1246 2872 scripsit
1287 2797 1354 2855 P.
1395 2824 1489 2878 μετ
1526 2797 1780 2858 Ἀἰτωλῶν
1820 2804 2365 2880 συμπολιτευομένους,
2397 2815 2520 2856 non
2539 2796 2624 2855 ita

415 2896 835 2974 explicandum
894 2906 982 2955 est
1039 2906 1104 2955 ut
1162 2896 1372 2956 credas
1426 2914 1576 2955 voce
1633 2903 2131 2978 συμπολιτευομένοις
2180 2895 2475 2974 designari
2524 2913 2623 2955 eas

414 2997 593 3056 urbes
645 3015 843 3055 rerum
886 2992 1293 3054 Aetolicarum
1335 2994 1861 3056 administrationis
1900 2993 2225 3073 participes
2264 2993 2439 3054 fuisse
2457 3041 2472 3070 ‚
2517 2995 2623 3054 sed

414 3114 538 3156 non
594 3094 781 3173 magis
837 3094 921 3153 ita
960 3103 1029 3152 ut
1071 3111 1170 3153 eas
1214 3112 1419 3154 omnes
1463 3114 1598 3155 suas
1638 3096 1797 3172 leges
1814 3141 1828 3167 ,
1873 3105 2144 3155 senatum
2164 3140 2178 3169 ,
2222 3093 2466 3154 comitia
2507 3112 2623 3153 ser-

413 3192 643 3255 vavisse
708 3203 930 3253 statuas
945 3215 961 3267 3
1025 3192 1087 3252 id
1145 3190 1256 3251 nisi
1311 3194 1479 3254 fallor
1534 3193 1683 3272 fugit
1737 3193 2135 3272 Droysenium
2156 3240 2171 3267 ,
2215 3214 2274 3271 p.
2320 3211 2434 3271 405
2480 3193 2618 3253 adn.

422 3314 557 3367 104.
641 3291 936 3370 Equidem
984 3291 1169 3351 verba
1208 3292 1329 3352 Pol.
1377 3295 1455 3351 Π.
1500 3313 1551 3352 c.
1598 3295 1674 3367 46
1718 3301 1746 3365 ξ
1793 3314 1824 3352 2
1868 3293 1946 3353 de
1989 3293 2375 3354 Orchomeno
2418 3295 2621 3371 Tegea

412 3391 720 3452 Mantinea
771 3391 952 3472 (anno
998 3388 1139 3471 228)
1181 3399 1240 3452 οὐ
1277 3397 1431 3471 μόνον
1471 3398 1843 3474 συμμαχίδας,
1884 3397 2022 3453 ἀλλὰ
2060 3398 2148 3453 καὶ
2187 3398 2622 3473 συμπολιτευομέ-

413 3520 504 3564 νοις
559 3499 675 3570 τότε
729 3498 901 3562 πόλεις
954 3489 1039 3549 ita
1100 3487 1365 3566 explico,
1422 3500 1488 3549 ut
1542 3510 1691 3551 voce
1740 3500 2017 3573 συμμαχίᾳ
2058 3489 2219 3550 idem
2261 3485 2621 3568 significetur

414 3591 579 3668 quod
642 3599 787 3675 φιλίᾳ
849 3589 959 3672 (sic
1021 3607 1160 3647 cum
1218 3587 1388 3647 Elide
1443 3588 1514 3648 iis
1568 3600 1656 3650 est
1711 3597 1855 3672 φιλία
1910 3592 2015 3649 IV.
2071 3610 2126 3666 9.
2178 3610 2281 3664 10,
2325 3593 2495 3652 εὔνοια
2532 3596 2621 3650 καὶ

415 3700 694 3772 συμμαχία
730 3693 835 3750 IV.
882 3707 935 3767 5.
982 3709 1020 3761 4
1033 3710 1049 3762 3
1095 3705 1234 3746 cum
1277 3687 1582 3747 Messeniis
1622 3694 1768 3769 φιλία
1804 3695 1893 3750 καὶ
1932 3697 2210 3771 συμμαχία
2242 3690 2347 3746 IV.
2378 3690 2415 3747 6
2443 3695 2472 3759 ξ
2502 3685 2619 3768 11),

414 3808 565 3849 voce
623 3795 964 3869 συμπολιτεὶοι
1021 3806 1197 3865 saepe
1255 3786 1550 3847 indicetur
1591 3788 1768 3847 urbes
1810 3805 1917 3846 sua
1956 3786 2223 3847 instituta
2266 3784 2616 3860 servavisse,

420 3905 598 3965 saepe
659 3886 838 3948 etiam
903 3894 1220 3963 usurpetur
1284 3886 1361 3946 de
1422 3884 1659 3963 oppidis
1725 3885 1783 3944 vi
1838 3885 2027 3963 captis
2082 3883 2296 3962 quibus
2349 3884 2620 3945 libertate
2713 3927 2718 3932 ,

422 3986 662 4047 ademta
724 4006 898 4047 suum
960 3983 1275 4063 imperium
1330 3983 1747 4062 imposuissent
1800 3984 2016 4045 Aetoli.
2100 3986 2256 4043 Nam
2306 3983 2368 4043 in
2408 3984 2619 4044 urbem

422 4093 918 4168 συμπολιτευομένην
964 4103 1393 4161 nonnunquam
1436 4083 1484 4143 si
1524 4102 1675 4161 opus
1717 4093 1845 4143 erat
1885 4082 2245 4160 praesidium
2288 4102 2427 4142 cum
2464 4082 2619 4142 duce

421 4182 799 4259 mittebatur,-
845 4182 1244 4244 Dorimachus
1286 4185 1351 4243 P.
1396 4184 1472 4242 H.
1519 4202 1554 4259 3
1573 4229 1588 4257 ,
1637 4200 1668 4260 5
1715 4201 1801 4261 sq.
1847 4180 1909 4240 in
1950 4182 2158 4241 urbem
2179 4180 2461 4259 Phigalen
2483 4187 2615 4243 κατὰ

424 4289 591 4346 κοινὸν
647 4282 900 4343 mittitur
916 4329 931 4357 ,
982 4293 1041 4343 et
1083 4282 1245 4359 apud
1288 4280 1507 4342 Cianos
1547 4282 1671 4341 dux
1713 4281 2066 4342 Aetolorum
2107 4299 2374 4340 summae
2415 4299 2615 4339 rerum

421 4392 673 4459 praeest.
