3375 5084
1422 363 1537 404 221

392 539 620 600 verbis
690 535 1028 617 expressit
1086 534 1139 616 ¹).
1231 534 1591 616 Appianus
1662 536 1841 597 enim
1907 536 2113 598 tradit
2130 584 2144 608 ‚
2209 535 2450 600 foedus
2510 539 2577 599 in

392 654 730 735 Capitolio
777 654 845 715 in
889 653 1139 716 tabulis
1184 653 1415 715 aeneis
1462 672 1612 716 esse
1656 653 2052 733 inscriptum
2098 655 2184 735 (ἐς
2242 657 2314 719 τὸ
2364 662 2578 719 Καπι·

389 753 629 836 τὼλιον
696 771 757 844 ἐς
823 767 1094 841 δέλτους
1162 768 1406 854 χαλκᾶς
1470 767 1870 851 ἀναθέντες,
1922 755 1998 834 οὗ
2046 771 2155 831 καὶ
2208 776 2325 845 τὰς
2372 766 2579 845 ἄλλας

390 892 727 966 συνθήκας
768 883 1194 963 ἀνατιθέασι,
1247 885 1539 966 ἔπεμπον
1589 883 1965 969 ἀντίγραφα
2001 882 2327 968 Μαλλίῳ).
2386 885 2582 949 Haec

384 1002 661 1065 traditio
731 1002 1025 1082 pertinet
1085 1001 1174 1062 ad
1234 1001 1601 1082 Polybium
1661 1000 1903 1064 XXII.
1967 1022 2020 1064 c.
2073 1021 2105 1081 7
2130 1050 2144 1074 ‚
2192 1003 2315 1064 sed
2359 1004 2574 1065 verba

386 1120 477 1180 ab
549 1119 999 1199 epitomatore
1069 1117 1343 1199 Polybii
1407 1117 1655 1179 omissa
1716 1127 1901 1191 sunt;
1965 1116 2200 1179 Livius
2258 1119 2329 1180 id
2376 1127 2581 1200 caput

386 1233 666 1315 Polybii
689 1234 983 1296 reddens
1002 1234 1209 1296 etiam
1224 1232 1591 1314 vestigium
1609 1252 1845 1295 eorum
1861 1233 2160 1296 servavit
2175 1233 2581 1315 (XXXVII.

385 1371 443 1413 o.
496 1349 631 1432 55),
680 1370 836 1412 cum
881 1350 1046 1413 dicit
1090 1349 1329 1412 foedus
1374 1350 1445 1412 in
1494 1349 1834 1430 Capitolio
1881 1350 2090 1412 ictum
2138 1371 2288 1413 esse
2329 1349 2389 1432 ²).
2481 1350 2582 1413 Ea

384 1468 601 1529 verba
653 1467 865 1548 igitur
907 1466 1242 1548 Polybius
1288 1466 1662 1529 inseruerat
1707 1467 1777 1528 in
1822 1466 2221 1529 relationem
2267 1467 2575 1530 Rhodio-

383 1602 536 1644 rum
604 1602 811 1663 quam
879 1602 964 1644 eo
1023 1581 1180 1645 loco
1241 1583 1656 1663 sequebatur
1717 1581 1869 1664 (vid.
1934 1581 2132 1663 supr.)
2152 1632 2166 1657 ‚
2228 1591 2298 1645 et
2343 1584 2581 1664 paullo

384 1709 548 1779 post
589 1698 666 1780 (c.
720 1718 751 1758 2
763 1696 823 1779 3)
867 1696 1161 1760 foederis
1205 1698 1404 1780 leges
1450 1718 1491 1759 e
1536 1697 1776 1760 tabula
1822 1698 2197 1779 exscripsit.

396 1869 401 1874 .
477 1815 814 1896 Reliquas
890 1813 1240 1877 foederum
1316 1814 1512 1896 leges
1588 1813 1731 1878 fere
1806 1814 1945 1877 suis
2014 1815 2241 1878 verbis
2311 1816 2580 1878 tradere

389 1931 570 1994 solet
616 1931 964 2013 Polybius,
1033 1930 1142 1993 Ex
1186 1932 1268 1994 iis
1314 1932 1402 1993 ad
1448 1931 1859 1994 tabularium
1905 1932 2298 1994 Romanum
2329 1930 2581 1998 refero:

479 2047 782 2129 Reliqua
825 2046 1106 2126 foedera
1152 2067 1306 2110 cum
1351 2047 1600 2110 Poenis
1646 2046 1864 2122 facta,
1913 2068 1971 2112 a.
2024 2069 2170 2126 241.
2218 2047 2293 2110 P.
2340 2048 2459 2111 III.
2498 2068 2576 2128 27

390 2168 422 2239 ἓ
480 2167 644 2224 1—-6
692 2161 828 2244 (cfr,
875 2163 1058 2224 idem
1103 2183 1143 2224 e
1189 2162 1405 2225 Fabio
1423 2212 1437 2237 ‚
1484 2172 1560 2225 ut
1603 2163 1875 2226 videtur
1891 2212 1905 2238 ,
1952 2184 2089 2226 non
2122 2165 2327 2245 plane
2359 2164 2577 2227 simile

388 2278 440 2340 Ι.
512 2282 591 2339 62
660 2283 690 2355 ξ
755 2283 792 2341 8
856 2278 1006 2360 sq.);
1062 2299 1120 2340 a.
1189 2284 1312 2356 238
1377 2280 1464 2341 de
1526 2276 1841 2342 Sardinia
1901 2278 2022 2341 IH.
2092 2299 2191 2359 27.
2259 2286 2295 2342 8
2362 2279 2498 2362 (eft.
2547 2301 2587 2343 e

390 2393 608 2456 Fabio
668 2393 718 2457 I.
783 2394 919 2476 88);
983 2415 1040 2456 a.
1108 2414 1228 2474 227
1298 2396 1385 2457 de
1444 2394 1779 2476 Hispania
1833 2394 1951 2457 III.
2004 2415 2081 2475 27
2135 2400 2166 2471 ἓ
2216 2418 2253 2474 9
2304 2415 2398 2477 sq.
2446 2395 2582 2478 (cfr.

393 2509 479 2573 Π·
538 2532 610 2588 13
664 2516 695 2586 ἓ
750 2510 826 2593 7)-

481 2625 754 2688 Foedus
821 2627 1294 2689 Romanorum
1363 2646 1519 2689 cum
1581 2626 1854 2690 Aetolis
1920 2647 1978 2689 a.
2045 2647 2117 2688 21
2141 2648 2162 2687 1
2190 2675 2205 2701 ,
2268 2627 2344 2689 P.
2405 2647 2462 2689 a.
2510 2626 2586 2689 L.

392 2741 668 2804 XXVI.
716 2763 774 2805 c.
826 2763 909 2820 24
955 2744 1191 2824 („haec
1238 2752 1703 2805 convenerunt
1722 2791 1736 2818 ,
1786 2742 2305 2824 conscriptaque
2335 2742 2584 2805 bienno

393 2867 553 2938 post
622 2857 986 2940 Olympiae
1053 2860 1141 2920 ab
1201 2857 1473 2921 Aetolis
1491 2907 1505 2934 ,
1568 2859 1638 2920 in
1692 2858 2030 2939 Capitolio
2076 2860 2165 2921 ab
2211 2859 2549 2921 Romanis
2567 2907 2582 2932 ,

392 2982 470 3035 ut
537 2983 789 3037 testata
860 2974 1138 3037 sacratis
1207 2975 1657 3037 monumentis
1729 2984 1957 3037 essent
1972 3023 1986 3050 ,
2057 2984 2212 3037 sunt
2278 2974 2555 3056 posita'')
2573 3023 2587 3049 ,

397 3088 512 3151 cfr.
559 3090 634 3152 P.
682 3090 810 3153 XI.
859 3111 914 3154 c.
966 3111 1000 3168 5
1053 3096 1083 3168 ἕ
1134 3111 1191 3168 5.
1240 3128 1322 3136 ——
1371 3091 1645 3154 Foedus
1691 3112 1846 3154 cum
1876 3091 2128 3154 Poenis
2150 3101 2307 3172 post
2331 3092 2591 3155 bellum

396 3204 926 3269 Hannibalicum
989 3227 1047 3268 a.
1116 3228 1273 3282 202,
1335 3207 1411 3269 P.
1474 3206 1636 3269 XV.
1684 3228 1740 3270 c.
1799 3213 1907 3281 183
1954 3207 2187 3270 Livius
2233 3207 2482 3270 XXX.
2533 3229 2588 3271 c.

399 3340 479 3399 37
530 3321 896 3403 Polybium
944 3323 1152 3385 latine
1198 3343 1310 3386 me
1355 3324 1580 3386 iudice
1630 3324 1998 3405 expressit.'

488 3435 609 3499 Ad
685 3439 1096 3501 tabularium
1169 3439 1634 3502 Rhodiorum:
1713 3438 2025 3502 Foedera
2092 3460 2134 3502 a
2201 3439 2591 3522 Byzantinis

399 3550 587 3615 facta
649 3573 802 3616 cum
857 3555 1098 3618 Prusia
1141 3575 1309 3639 rege
1356 3565 1427 3618 et
1472 3576 1625 3619 cum
1670 3555 1999 3632 Rhodiis,
2046 3577 2105 3619 a.
2158 3577 2281 3634 219
2329 3554 2423 3635 (P.
2470 3553 2591 3616 IV.

399 3687 454 3729 c.
508 3687 625 3745 52;
674 3670 944 3733 additur
987 3691 1234 3735 nomen
1267 3672 1719 3754 ⁴magistratus
1764 3671 2155 3754 Byzantini).

492 3883 534 3965 ¹)
574 3884 787 3946 Nissen
830 3890 1070 3949 UnterS.
1113 3909 1171 3966 p.
1222 3909 1358 3967 319.

480 3982 532 4064 2)
574 3985 1049 4062 Epitomatorem
1091 3987 1322 4066 Polybii
1364 3987 1503 4048 talia
1544 3986 1819 4048 omittere
1861 3989 2048 4049 solere
2067 4035 2083 4061 ,
2124 3986 2303 4047 etiam
2335 3984 2596 4047 ostendit

397 4082 612 4143 Nissen
666 4083 749 4165 (p.
810 4087 952 4169 319)
1008 4106 1042 4146 e
1095 4088 1162 4146 P.
1218 4089 1322 4146 ΠΙ.
1380 4106 1433 4146 c.
1496 4090 1569 4146 26
1627 4094 1656 4159 ξ
1703 4106 1728 4144 1
1778 4095 2147 4167 ,,Τηρουμένων
2184 4099 2284 4147 τῶν
2323 4094 2595 4151 συνθηκῶν

396 4180 498 4262 (ἔτι
554 4191 641 4245 καὶ
698 4197 784 4245 νῦν
840 4192 889 4246 ἐν
943 4192 1251 4267 χαλκώμασι
1305 4191 1448 4267 παρὰ
1501 4189 1587 4247 τὸν
1647 4194 1744 4245 Δία
1800 4189 1884 4245 τὀν
1935 4189 2262 4246 Καπετώλιον
2300 4190 2349 4243 ἐν
2387 4185 2458 4262 τῷ
2494 4197 2594 4245 τῶν

400 4288 738 4362 ἀγορανόμων
775 4281 1044 4364 ταμιείῳ),
1086 4292 1162 4353 τίς
1198 4292 1288 4345 οὐκ
1326 4312 1376 4346 κ.
1419 4312 1469 4345 τ.
1514 4289 1587 4357 λ.,
1633 4281 1737 4343 ubi
1776 4283 1959 4342 verba
1999 4301 2153 4359 quae
2195 4279 2360 4340 uncis
2387 4278 2594 4341 inclusi

402 4378 620 4440 omissa
661 4392 798 4441 sunt
839 4383 917 4442 ab
957 4390 1201 4442 auctore
1243 4389 1660 4459 excerptorum
1703 4389 1817 4462 περὶ
1854 4387 2158 4463 πρεσβειῶν.
