3375 5084
1403 349 1515 405 141

372 519 576 582 etiam
632 520 850 583 minus
905 521 1298 601 probabiles
1344 522 1681 585 recensuit
1726 522 2225 587 Friedersdorff
2266 524 2316 605 ¹).
2409 525 2551 588 Nos

369 654 526 697 cum
573 655 656 698 eo
701 635 900 698 huius
946 637 1292 718 scriptoris
1338 657 1586 700 nomen
1630 638 1940 720 indagari
1985 659 2188 720 posse
2235 642 2551 722 despera-

372 770 552 827 mus;
618 772 702 814 ea
745 770 923 815 nunc
967 752 1394 833 potissimum
1442 753 1845 835 colligemus
1889 774 2064 835 quae
2111 750 2439 837 Polybius
2484 756 2553 817 in

367 867 511 930 eius
571 869 956 932 narratione
1016 870 1321 933 mutavit.
1414 869 1646 951 Atque
1708 870 1997 951 primum
2065 871 2339 952 quidem
2356 921 2370 946 ,
2417 891 2553 934 non

364 1003 563 1046 secus
630 994 835 1065 atque
906 993 1109 1048 antea
1175 1006 1332 1048 cum
1400 983 1708 1049 Silenum
1776 996 2127 1049 secuturus
2196 986 2378 1050 esset
2394 1035 2409 1062 ‚
2479 988 2548 1049 in

362 1098 585 1179 prima
645 1099 804 1162 libri
861 1098 938 1161 X
999 1110 1196 1182 parte
1255 1102 1591 1182 quaedam
1652 1101 2067 1182 vituperavit
2111 1121 2286 1182 quae
2333 1103 2553 1164 minus

363 1224 554 1278 recte
623 1216 711 1278 ab
783 1225 1060 1279 auctore
1130 1236 1253 1279 suo
1320 1217 1636 1298 exposita
1697 1237 1851 1279 esse
1914 1218 2255 1291 crederet;
2320 1227 2555 1280 contra

364 1350 524 1392 eum
588 1330 731 1394 Caii
792 1331 1010 1395 Laelii
1068 1333 1526 1396 testimonium
1572 1333 1848 1396 invocat
1864 1381 1879 1407 ,
1925 1333 2072 1414 qui,
2119 1343 2195 1396 ut
2240 1333 2336 1396 ait
2352 1381 2366 1408 ,
2415 1354 2552 1396 me-

363 1446 539 1509 liora
598 1467 755 1509 eum
814 1448 1046 1511 docuit
1107 1449 1194 1510 de
1251 1448 1552 1511 moribus
1600 1458 1669 1511 et
1714 1448 1941 1512 indole
1990 1446 2327 1531 Scipionis
2372 1448 2552 1511 Afri-

361 1562 518 1624 cani
556 1562 628 1643 ²);
674 1563 806 1626 hoc
853 1573 1131 1627 auctore
1181 1564 1387 1627 etiam
1431 1565 1733 1627 narravit
1748 1613 1764 1639 ,
1812 1566 2154 1645 quomodo
2184 1575 2451 1646 patrem
2483 1565 2554 1627 in

360 1697 601 1761 pugna
645 1680 732 1741 ad
778 1679 1088 1743 Ticinum
1134 1690 1334 1762 gesta
1379 1681 1756 1744 servaverit
1785 1680 2070 1744 Publius
2094 1681 2170 1764 (c.
2199 1703 2234 1760 3
2264 1687 2296 1758 ἓ
2323 1682 2517 1763 4—6)
2533 1729 2547 1756 ,

361 1804 437 1858 et
505 1816 640 1877 qua
705 1797 968 1860 ratione
1038 1806 1196 1860 ante
1265 1816 1514 1860 annum
1576 1818 1772 1860 suum
1835 1798 2256 1861 aedilitatem
2314 1808 2553 1862 nactus

362 1921 550 1974 esset
597 1909 847 1994 Scipio,
940 1912 1645 1977 Animadvertendum
1693 1924 1798 1977 est
1843 1914 2029 1977 illam
2077 1935 2221 1978 rem
2269 1936 2312 1977 a
2355 1914 2553 1977 Livio

358 2028 498 2090 hoc
568 2027 723 2091 loco
791 2048 928 2090 non
994 2030 1221 2112 tangi,
1283 2031 1460 2093 hanc
1525 2030 1725 2094 aliter
1785 2031 2069 2105 narrari;
2133 2031 2366 2093 Livius
2420 2051 2557 2093 non

358 2143 642 2209 fratrem
659 2194 675 2220 ,
738 2148 861 2210 sed
921 2147 1015 2210 M.
1041 2189 1052 2200 ·
1079 2146 1274 2211 Corn.
1335 2147 1722 2231 Cethegum
1787 2148 1985 2210 simul
2034 2169 2188 2210 cum
2234 2145 2556 2229 Scipione

361 2261 661 2325 aedilem
717 2261 924 2325 fuisse
980 2264 1187 2327 tradit
1231 2263 1472 2326 XXV.
1522 2284 1576 2327 c.
1631 2285 1663 2325 2
1709 2266 1774 2348 ³).
1867 2263 2101 2326 Livius
2146 2264 2326 2326 enim
2373 2284 2556 2327 com-

358 2398 638 2441 munem
683 2389 1029 2443 auctorem
1075 2389 1349 2444 secutus
1395 2390 1526 2455 est,
1573 2380 1886 2443 Laelium
1930 2400 2067 2443 non
2115 2381 2457 2462 cognovit.

455 2495 514 2557 E
558 2497 941 2560 narratione
987 2496 1262 2579 Polybii
1309 2497 1620 2560 conicere
1668 2497 1831 2561 licet
1847 2545 1861 2572 ,
1910 2497 2054 2560 eius
2101 2506 2447 2560 auctorem
2480 2497 2549 2558 in

365 2611 609 2674 castris
674 2609 1010 2694 Scipionis
1058 2613 1397 2694 stipendia
1440 2613 1798 2688 meruisse;
1845 2613 2101 2676 multae
2146 2622 2377 2693 partes
2422 2622 2555 2675 tes-

361 2736 510 2790 tem
573 2727 916 2791 oculatum
983 2729 1310 2811 produnt,
1381 2749 1488 2791 ex.
1557 2749 1658 2811 gr.
1722 2727 1815 2791 X.
1879 2748 1935 2792 c.
1987 2749 2101 2803 203
2148 2718 2381 2791 XLc.
2432 2748 2552 2808 303

357 2862 588 2924 neque
681 2841 984 2925 Scipioni
1062 2844 1370 2907 inimicus
1444 2843 1570 2907 fuit
1585 2892 1602 2917 ‚
1682 2845 1868 2925 quod
1940 2864 2107 2906 mox
2182 2844 2552 2907 ostendam.

357 2958 626 3022 Tamen
694 2981 780 3023 ne
849 2961 959 3024 hic
1021 2961 1297 3043 quidem
1358 2971 1593 3024 auctor
1660 2958 2051 3042 Scipionem
2097 2970 2288 3024 recto
2333 2961 2555 3043 pretio

362 3074 834 3138 aestimavisse
896 3075 1189 3157 Polybio
1252 3076 1435 3138 visus
1502 3085 1605 3138 est
1621 3124 1634 3150 ,
1680 3095 1839 3137 nam
1888 3095 2043 3137 eum
2088 3076 2178 3137 ab
2223 3074 2303 3137 iis
2349 3075 2557 3156 scrip-

366 3192 633 3255 toribus
687 3212 825 3253 non
869 3192 1189 3255 discernit
1234 3192 1350 3275 qui
1394 3193 1578 3273 quod
1624 3192 1939 3255 diuturna
1983 3200 2054 3254 et
2097 3189 2235 3252 fida
2280 3211 2557 3253 consue—

369 3309 609 3372 tudine
657 3329 810 3372 cum
855 3329 940 3371 eo
976 3309 1316 3373 coniuncti
1345 3329 1481 3372 non
1510 3308 1786 3382 fuerint,
1820 3309 1964 3372 eius
1992 3307 2176 3371 facta
2200 3307 2558 3389 praeclara

363 3422 682 3487 fortunae
745 3425 967 3508 magis
1028 3445 1233 3508 quam
1279 3425 1556 3507 ingenio
1605 3435 1675 3488 et
1719 3425 2119 3506 prudentiae
2166 3424 2520 3487 tribuerint
2540 3471 2553 3497 ,
2625 3431 2629 3435 '

356 3699 417 3756 p.
467 3696 537 3755 77
583 3697 712 3755 sqq.
758 3677 876 3758 (De
918 3676 1192 3756 Scipione
1232 3678 1353 3738 vid.
1399 3677 1524 3739 Cic.
1568 3680 1735 3737 Brut.
1786 3697 1877 3754 19.
1930 3676 2047 3758 77).
2113 3678 2206 3736 De
2247 3677 2364 3735 hoc
2404 3674 2557 3735 libro

357 3778 466 3837 cfr.
523 3778 958 3852 Luterbacher,
1015 3776 1079 3836 in
1133 3776 1338 3838 Philol.
1398 3780 1551 3836 Anz.
1610 3797 1747 3836 zum
1789 3776 1938 3836 Phil.
1979 3797 2035 3836 v.
2079 3775 2336 3835 Leutsch
2382 3776 2555 3851 1875.

358 3896 498 3956 pag·
547 3879 621 3955 56
667 3896 797 3954 sqq·

450 3974 496 4056 ¹)
551 3974 751 4034 Livius
806 3984 867 4036 et
920 3975 1201 4054 Polybius
1257 3974 1549 4054 Scipionis
1604 3994 1804 4035 rerum
1855 3974 2189 4052 scriptores
2236 3972 2557 4049 Gottingae

361 4076 541 4151 1869.
580 4093 640 4151 p.
685 4094 763 4152 49
808 4093 936 4152 sqq.

447 4173 499 4255 2)
539 4175 613 4233 X.
659 4193 714 4233 C.
759 4194 794 4250 3
836 4181 866 4245 ξ
910 4193 943 4232 2
988 4178 1056 4251 ,‚‘o
1092 4182 1285 4240 ταύτην
1322 4179 1438 4254 περὶ
1475 4181 1635 4235 αὐτοῦ
1670 4179 1766 4237 τὴν
1799 4176 1960 4245 δόξαν
1983 4179 2108 4252 ἡμῖν
2134 4177 2555 4252 ἐνεργασάμενος.

448 4270 498 4353 3)
540 4271 739 4331 Livius
779 4273 1002 4331 XXVI.
1047 4292 1098 4331 c.
1149 4273 1221 4330 18
1264 4270 1445 4331 etiam
1488 4270 1693 4331 statuit
1739 4269 2077 4348 Scipionem
2118 4289 2174 4329 a.
2221 4289 2331 4328 211
2367 4287 2556 4328 annos

368 4391 446 4444 24
485 4382 695 4431 natum
735 4390 893 4446 esse,
936 4369 1217 4447 Polybius
1258 4369 1353 4450 (X.
1399 4373 1456 4430 6.
1507 4369 1605 4451 10)
1650 4387 1745 4444 27.
