3375 5084
1405 350 1526 407 203

378 543 417 585 e
475 520 772 584 fontibus
817 521 1112 584 Rhodiis
1155 522 1469 585 haustum
1513 531 1633 585 est.
1724 521 1900 584 Nam
1947 541 2100 585 cum
2146 522 2343 584 huius
2385 522 2553 584 belli

376 638 562 719 apud
622 635 985 718 Polybium
1029 637 1267 699 brevia
1310 646 1571 700 tantum
1617 646 1857 700 extent
1900 636 2284 719 fragmenta
2329 636 2553 719 (XXI.

378 774 434 817 e.
503 752 590 834 5),
653 753 946 816 narratio
1008 752 1213 828 Livii,
1273 754 1386 835 qui
1447 753 1690 817 Latine
1752 773 1909 816 eum
1967 752 2303 835 expressit
2319 799 2334 826 ‚
2380 753 2555 816 hanc

378 869 712 952 originem
775 869 959 932 clare
1021 869 1334 934 ostendit.
1440 869 1873 933 Rhodiorum
1933 869 2168 932 classis
2230 887 2426 932 casus
2487 877 2559 931 et

377 1005 489 1048 res
534 992 776 1067 gestae
822 985 1187 1067 diligenter
1228 994 1608 1060 narrantur,
1654 985 1957 1048 Romani
2002 1004 2120 1047 eos
2150 983 2557 1048 comitantur

378 1110 450 1164 et
516 1101 807 1164 minores
872 1109 1103 1182 partes
1170 1111 1415 1183 agunt;
1478 1121 1587 1165 res
1649 1101 1855 1164 etiam
1917 1100 2402 1163 minutissimae
2469 1101 2558 1162 ad

375 1217 695 1281 Rhodios
739 1217 1155 1299 pertinentes
1185 1217 1550 1299 diligenter
1577 1226 2013 1281 recensentur
2034 1214 2205 1295 (Liv.
2235 1215 2555 1279 XXXII.

376 1354 433 1397 c.
515 1337 765 1411 8—-32;
842 1334 977 1396 duo
1048 1333 1302 1414 capita,
1375 1354 1458 1396 20
1525 1342 1596 1396 et
1667 1354 1783 1408 21,
1845 1333 2087 1415 quibus
2146 1352 2255 1396 res
2315 1340 2558 1415 gestae

379 1448 761 1530 Diophanis
829 1457 900 1511 et
965 1446 1406 1511 Achaeorum
1474 1450 1563 1512 ad
1623 1448 2037 1532 Pergamum
2102 1447 2527 1512 continentur
2543 1495 2558 1522 ,

378 1566 469 1628 ad
514 1564 946 1628 traditionem
990 1564 1368 1628 Achaicam
1411 1574 1598 1628 recte
1642 1559 2047 1642 referuntur)
2086 1559 2150 1646 ¹).

468 1680 737 1743 Deinde
797 1699 908 1744 res
966 1700 1010 1743 a
1068 1677 1496 1762 Scipionibus
1540 1680 1611 1743 in
1657 1679 1947 1744 Graecia
1993 1689 2064 1743 et
2107 1678 2280 1743 Asia
2325 1688 2559 1763 gestas

376 1797 570 1860 annis
646 1801 989 1876 190—189
1057 1794 1158 1875 (P.
1220 1815 1325 1877 ap.
1385 1794 1531 1859 Liv.
1592 1795 1979 1859 XXXVII.
2043 1816 2099 1860 e.
2163 1802 2203 1860 ὁ
2266 1805 2336 1859 et
2386 1816 2456 1876 73
2504 1817 2559 1860 c.

378 1932 676 1991 33—453
722 1911 799 1974 P.
846 1911 1051 1975 XXI.
1099 1933 1154 1976 c.
1206 1933 1238 1974 2
1290 1931 1420 1993 sq.;
1470 1933 1525 1976 c.
1575 1909 1820 1991 9—13)
1864 1912 1981 1975 uni
2023 1911 2195 1976 fonti
2229 1912 2559 1976 adscribo,

372 2027 1078 2090 Animadvertendum
1133 2036 1237 2090 est
1281 2027 1460 2091 hunc
1505 2032 1844 2092 auctorem
1893 2028 2259 2111 diligenter
2304 2048 2559 2110 cogno-

374 2144 559 2206 visse
604 2144 928 2226 qnidquid
972 2143 1070 2207 ad
1105 2143 1184 2207 P.
1234 2141 1606 2227 Scipionem
1651 2144 2042 2226 pertineret.
2132 2144 2343 2208 Novit
2385 2144 2561 2227 epis-

378 2260 597 2325 tolam
660 2280 702 2323 a
748 2259 1068 2342 Scipione
1115 2261 1205 2323 ad
1249 2259 1534 2323 Prusian
1581 2261 1813 2323 datam
1830 2309 1845 2336 ,
1891 2281 2026 2343 qua
2069 2262 2248 2325 hunc
2293 2282 2334 2324 e
2375 2270 2563 2324 metu

372 2378 849 2441 Romanorum
904 2376 1203 2439 eximere
1260 2376 1517 2439 studuit
1562 2375 1661 2457 (P.
1711 2395 1767 2439 c.
1816 2380 1899 2462 9).
1989 2377 2199 2440 Novit
2241 2379 2563 2441 mandata

373 2488 763 2557 Heraclidis
850 2492 1065 2575 legati
1139 2491 1465 2556 Antiochi
1541 2493 1628 2555 ad
1707 2492 2056 2556 consulem
2130 2512 2267 2555 non
2341 2493 2562 2558 solum

375 2609 659 2692 publica
673 2657 688 2684 ‚
757 2610 880 2672 sed
948 2609 1151 2672 etiam
1211 2610 1533 2672 mandata
1590 2608 1860 2690 privata
1918 2618 1990 2672 et
2042 2618 2306 2672 secreta
2350 2611 2439 2672 ad
2484 2609 2560 2672 P.

374 2724 770 2807 Scipionem
816 2722 916 2805 (P.
963 2744 1019 2788 c.
1076 2745 1154 2786 10
1200 2729 1231 2801 5
1279 2730 1353 2800 ὃς
1401 2745 1456 2788 c.
1514 2746 1580 2786 11
1637 2729 1669 2801 5
1719 2746 1791 2805 93
1840 2744 1895 2788 e.
1954 2720 2073 2802 12).
2118 2724 2328 2788 Novit
2354 2725 2561 2788 etiam

379 2841 546 2923 quid
611 2841 682 2903 in
749 2839 1092 2921 colloquio
1160 2859 1408 2902 arcano
1477 2840 1655 2903 clam
1725 2840 2077 2904 Heraclidi
2140 2842 2564 2922 responderit

377 2956 612 3038 Scipio
659 2955 757 3040 (P.
805 2976 861 3019 e.
919 2978 940 3017 1
957 2954 1038 3033 2).
1110 2955 1285 3018 Eum
1329 2953 1587 3018 fontem
1631 2955 2023 3020 Romanum
2056 2976 2207 3020 esse
2237 2957 2563 3021 credibile

377 3073 458 3136 fit
517 3093 556 3135 e
614 3072 762 3136 Pol.
826 3092 880 3135 c.
937 3093 1046 3147 10,
1093 3072 1211 3134 ubi
1256 3091 1529 3135 causam
1577 3092 1697 3136 cur
1742 3072 1820 3135 P.
1866 3071 2100 3155 Scipio
2146 3075 2445 3137 nondum
2490 3074 2562 3137 in

376 3188 619 3252 Asiam
701 3196 1128 3251 transvectus
1206 3196 1387 3250 esset
1461 3187 1636 3251 hanc
1712 3186 1918 3251 fuisse
1995 3187 2264 3252 additur
2288 3237 2303 3264 ,
2379 3191 2561 3270 quod

377 3305 587 3369 salius
652 3312 866 3379 esset;
930 3312 1001 3366 et
1060 3305 1147 3366 de
1208 3303 1394 3366 saliis
1437 3303 1636 3385 plura
1681 3314 2112 3385 exponuntur
2155 3300 2422 3386 (Polyb.
2468 3305 2565 3368 ibi

378 3424 471 3486 ad
537 3422 685 3485 libr.
754 3441 950 3484 suum
1008 3420 1127 3483 VI.
1192 3421 1521 3484 lectorem
1585 3417 1879 3503 relegat)
1940 3421 2170 3502 qualia
2224 3441 2564 3503 nunquam

382 3540 680 3622 legimus
724 3538 841 3629 ubi
886 3546 1161 3601 auctore
1207 3557 1461 3620 graeco
1506 3537 1716 3602 utitur
1759 3536 2105 3620 Polybius

472 3654 651 3717 Belli
680 3673 834 3717 cum
867 3652 1338 3736 Gallograecis
1368 3654 1551 3736 gesti
1574 3651 1657 3733 (a.
1693 3659 1833 3733 189,
1856 3653 1932 3718 P.
1959 3674 2017 3717 a.
2042 3653 2116 3717 L.
2141 3653 2563 3719 XXXVIII.

381 3793 439 3836 c.
496 3790 745 3850 12—27
796 3767 1074 3852 (exepto
1118 3790 1174 3832 e.
1230 3773 1332 3855 17)
1385 3769 1461 3832 P.
1507 3768 1751 3832 XXII.
1798 3790 1853 3833 c.
1911 3766 2193 3850 14—19)
2241 3771 2565 3854 egregius

381 3886 676 3969 Polybio
731 3893 967 3949 auctor
1008 3885 1157 3960 fuit,
1205 3905 1409 3966 quem
1454 3885 1601 3966 ipse
1649 3885 1854 3948 etiam
1901 3905 2024 3948 sua
2069 3886 2375 3948 doctrina
2419 3885 2559 3967 (cfr.

383 4005 461 4067 P.
535 4025 593 4067 a.
661 4003 737 4067 L.
809 4024 875 4066 c.
945 3998 1047 4080 16)
1115 4012 1184 4065 et
1249 3978 1509 4083 peritia.
1558 4002 1833 4065 militari
1896 4003 2268 4065 exornavit.
2382 4003 2564 4066 Fieri

391 4128 622 4204 potest
689 4128 764 4181 ut
823 4119 994 4181 haec
1054 4119 1347 4181 narratio
1405 4117 1656 4181 nitatur
1714 4119 2075 4181 traditione
2122 4118 2406 4181 alicuius
2448 4119 2565 4200 qui

471 4371 515 4453 ι)
558 4372 693 4433 vid.
737 4371 947 4432 Nissen
987 4370 1140 4430 Krit.
1186 4373 1422 4465 UnterS.
1466 4391 1526 4447 p.
1583 4390 1917 4448 191—194·
