3375 5084
1845 307 1964 364 128

807 493 1188 557 reddendos
1234 514 1412 568 esse,
1446 494 1560 574 qui
1591 493 2010 556 tradiderant
2040 492 2499 555 Hannibalem
2531 512 2685 555 cum
2720 515 2740 553 1
2759 512 3005 554 20.ooo

807 610 896 671 ab
943 609 1238 689 Alpibus
1284 609 1714 671 descendisse
1765 609 1817 688 ¹).
1888 608 2185 672 Accedit
2228 609 2412 688 quod
2456 609 2705 671 multos
2748 607 3006 669 milites

807 727 895 788 ab
963 724 1348 788 Hannibale
1417 746 1509 787 ex
1575 724 1775 787 Italia
1840 745 1898 787 a.
1967 746 2091 803 203
2155 726 2226 787 in
2284 723 2590 788 Afficam
2653 726 3008 787 traductos

808 861 957 904 esse
1017 850 1255 903 auctor
1315 850 1420 903 est
1477 841 1808 922 Polybius
1827 889 1840 915 ,
1888 851 1958 904 et
2003 850 2106 904 tot
2151 841 2426 921 quidem
2472 850 2546 903 ut
2591 841 2680 904 ad
2724 839 3004 902 Zamam

801 958 873 1019 in
933 957 1012 1018 iis
1073 956 1372 1018 maxima
1427 955 1832 1018 Hannibalis
1878 976 2035 1036 spes
2080 956 2304 1037 posita
2350 965 2531 1018 esset
2576 954 2758 1038 (XV.
2807 976 2862 1018 c.
2924 977 2945 1015 1
2972 977 2992 1015 1

804 1077 835 1148 5
901 1092 931 1133 2
956 1120 971 1144 ,
1041 1082 1111 1135 et
1157 1093 1212 1135 c.
1270 1077 1345 1134 16
1394 1076 1425 1147 5
1474 1073 1552 1152 4).
1644 1070 1745 1134 At
1792 1072 1847 1133 si
1892 1091 2208 1133 numeros
2254 1069 2450 1134 fictos
2498 1091 2647 1133 esse
2696 1079 3001 1143 constat,

804 1188 1009 1250 etiam
1071 1207 1358 1270 magnas
1416 1186 1889 1249 Romanorum
1935 1187 2255 1250 victorias
2272 1236 2286 1261 ‚
2333 1207 2585 1270 graves
2633 1187 2864 1249 clades
2909 1186 3004 1247 ab

803 1302 1190 1365 Hannibale
1256 1306 1576 1384 acceptas
1621 1304 1820 1365 nimis
1865 1313 2102 1367 auctas
2149 1324 2300 1366 esse
2320 1352 2334 1378 ‚
2380 1304 2531 1384 ipsa
2575 1301 2834 1383 proelia
2880 1301 3002 1364 ali-

804 1429 969 1500 quot
1029 1417 1190 1482 ficta
1250 1439 1399 1481 esse
1462 1418 1720 1482 clarum
1781 1429 1901 1482 est.
1951 1456 2033 1465 -—
2083 1418 2253 1483 Cum
2300 1429 2528 1483 autem
2573 1417 2711 1481 fido
2756 1419 3002 1479 harum

803 1554 1027 1597 rerum
1093 1535 1161 1597 in
1228 1533 1428 1597 Italia
1494 1544 1844 1617 gestarum
1906 1545 2181 1598 auctore
2243 1534 2545 1598 destituti
2607 1535 2813 1596 simus
2830 1582 2845 1606 ,
2909 1533 3001 1594 ad

802 1650 1040 1713 brevia
1082 1650 1359 1731 Polybii
1402 1650 1789 1714 testimonia
1834 1650 2032 1713 nobis
2076 1652 2555 1714 recurrendum
2601 1661 2705 1713 est
2754 1648 2818 1728 ²).

893 1880 1021 1944 His
1066 1881 1454 1962 praemissis
1499 1881 1888 1944 accedimus
1933 1883 2024 1944 ad
2068 1882 2486 1964 singularum
2518 1881 2811 1962 partium
2842 1900 2999 1943 auc-

806 2007 989 2060 tores
1057 1997 1497 2079 indagandOS.
1615 1996 1697 2058 In
1764 1998 2023 2077 aliquot
2091 1998 2243 2060 libri
2309 1997 2490 2060 tertii
2557 1997 2864 2078 partibus
2932 1995 3000 2057 in

804 2113 1047 2194 quibus
1092 2113 1302 2194 ipsius
1349 2113 1754 2175 Hannibalis
1799 2133 1908 2176 res
1954 2123 2196 2196 gestae
2243 2114 2399 2176 anni
2450 2135 2481 2174 2
2500 2135 2520 2175 1
2536 2119 2573 2176 8
2611 2114 2969 2176 traduntur
2982 2160 2996 2185 ‚

805 2225 1109 2291 Silenum
1171 2237 1519 2291 auctorem
1582 2227 1788 2291 fuisse
1848 2249 2028 2292 nunc
2088 2227 2231 2291 fere
2292 2229 2467 2292 inter
2519 2229 2702 2291 viros
2757 2229 2999 2290 doctos

805 2352 1085 2406 constat.
1190 2341 1392 2424 Quod
1460 2343 1566 2405 his
1634 2342 1778 2406 fere
1847 2344 2266 2426 argumentis
2323 2344 2571 2407 nititur.
2662 2343 2993 2425 Polybius

801 2458 940 2541 (III.
1013 2464 1096 2536 48
1170 2464 1201 2535 5
1271 2481 1292 2520 1
1309 2459 1367 2540 2)
1428 2459 1522 2522 ait
1582 2479 1657 2521 se
1720 2459 1975 2522 itineris
2036 2461 2125 2522 ab
2169 2459 2558 2523 Hannibale
2604 2480 2729 2541 per
2772 2457 2995 2540 Alpes

799 2573 959 2637 facti
1032 2574 1486 2637 narrationem
1549 2575 1638 2638 ab
1700 2575 1782 2637 iis
1843 2576 2230 2638 auctoribus
2252 2569 2257 2575 ’
2276 2576 2625 2657 accepisse
2642 2625 2657 2651 ,
2706 2575 2821 2658 qui
2864 2574 2993 2655 ipsi

798 2700 1193 2771 praesentes
1240 2709 1348 2751 res
1395 2689 1719 2764 viderint;
1768 2690 1973 2753 etiam
2017 2690 2164 2772 ipse
2210 2692 2402 2753 locos
2448 2692 2614 2754 adiit
2645 2701 2716 2753 et
2739 2689 2994 2752 itineris

803 2803 1240 2869 difficultates
1303 2814 1627 2886 expertus
1688 2815 1809 2868 est.
1899 2805 2214 2869 Narratio
2268 2817 2497 2870 autem
2542 2806 2817 2888 Polybii
2858 2806 2995 2868 hoc

801 2922 1259 2985 testimonium
1325 2920 1709 2985 confirmat:
1768 2921 2069 3003 inprimis
2129 2944 2305 3005 quae
2371 2924 2726 2997 traduntur
2766 2921 2885 2984 III.
2938 2942 2994 2984 c.

796 3224 1014 3285 randos
1071 3223 1274 3302 copias
1331 3224 1576 3286 ducenti
1625 3226 1936 3303 eruptione
1976 3228 2136 3287 facta
2175 3226 2335 3287 cives
2376 3228 2636 3288 caedunt
2678 3221 2809 3287 2⁰0
2848 3229 2998 3289 Poe-

793 3342 902 3385 nos
919 3345 935 3398 3
998 3324 1141 3384 ibid.
1202 3344 1256 3383 c.
1324 3327 1400 3400 36
1463 3323 1540 3405 (a.
1615 3323 1758 3406 204)
1813 3325 2162 3405 profligatur
2216 3346 2255 3386 a
2309 3327 2658 3405 Sempronio
2720 3328 2994 3400 consule,

795 3422 1126 3483 caeduntur
1184 3416 1394 3498 40⁰0,
1453 3424 1769 3502 capiuntur
1825 3419 1956 3485 300
2011 3425 2196 3486 Poeni
2208 3448 2225 3500 3
2275 3427 2468 3486 XXX.
2511 3446 2563 3485 c.
2620 3447 2688 3505 19
2729 3426 2809 3507 (a.
2854 3425 2998 3506 203)

792 3521 1061 3581 Valerius
1118 3519 1301 3582 tradit
1354 3521 1757 3584 Hannibalem
1798 3543 1837 3583 a
1877 3522 2119 3584 Servilio
2161 3527 2404 3585 consule
2444 3524 2824 3604 profligatum
2866 3544 2996 3586 esse

796 3630 854 3679 et
899 3636 1055 3696 5000
1098 3622 1435 3681 Poenorum
1478 3641 1663 3682 caesa
1694 3642 1819 3684 esse
1839 3670 1854 3698 ‚
1898 3623 2004 3684 sed
2042 3623 2168 3701 ipse
2210 3622 2410 3685 Livius
2451 3624 2686 3685 dubitat
2728 3645 2801 3684 an
2843 3626 2997 3685 haec

795 3737 997 3797 pugna
1035 3718 1412 3797 impudenter
1454 3722 1596 3781 ficta
1637 3721 1729 3781 sit.
1771 3758 1852 3766 --
1893 3722 2108 3784 Clades
2150 3722 2493 3784 Italicorum
2537 3725 2647 3784 sub
2691 3726 2997 3784 Hannone

792 3818 913 3878 fere
953 3816 1273 3878 immensas
1314 3839 1475 3879 nunc
1516 3820 1748 3881 omitt0.

883 3915 930 3997 ¹)
992 3915 1088 3976 Sic
1152 3917 1349 3978 Livius
1405 3919 1486 3978 ad
1539 3921 1881 3979 Metaurum
1938 3940 2111 3981 caesa
2164 3941 2290 3981 esse
2347 3926 2545 4000 56000
2600 3923 2778 3982 Poen.
2834 3923 2996 3983 8000

796 4016 974 4102 Rom.
1032 4016 1240 4092 tradit,
1304 4019 1557 4079 XXVII.
1601 4038 1654 4078 c.
1700 4038 1797 4096 49.
1841 4020 1967 4079 Pol.
2011 4030 2223 4080 contra
2270 4041 2482 4080 10.000
2526 4022 2708 4103 Poen.
2752 4030 2814 4080 et
2856 4021 3000 4082 Gal-

794 4114 1000 4174 lorum.

880 4210 931 4291 ²)
984 4214 1191 4291 Longe
1236 4215 1403 4274 abest
1459 4225 1526 4274 ut
1566 4213 1850 4293 Polybius
1890 4216 2041 4277 celet
2081 4216 2383 4296 angustias
2423 4216 2640 4296 quibus
2683 4227 2815 4278 tum
2857 4238 2993 4279 ver—

799 4311 1038 4370 sabatur
1079 4311 1412 4388 Hanniba13
1457 4314 1560 4373 cfr.
1604 4315 1669 4372 P.
1715 4316 1822 4374 XI.
1866 4318 1920 4374 6.
1972 4335 2035 4390 13
2077 4318 2210 4375 XV.
2261 4337 2313 4376 1.
2363 4337 2453 4377 11.
