3375 5084
1427 383 1593 441 123⁴

391 554 601 618 fuisse
661 556 829 617 belli
890 557 1174 638 gerendi
1234 576 1492 619 morem
1554 577 1597 619 a
1647 557 1863 620 Fabio
1908 557 2285 621 institutum
2330 579 2389 621 a.
2443 581 2473 620 2
2492 581 2512 620 1
2532 577 2563 637 7

393 665 533 753 (cfr.
601 671 746 734 Liv.
817 671 1056 733 XXII.
1128 692 1181 734 c.
1253 694 1275 733 1
1295 672 1382 752 2);
1443 673 1619 735 hanc
1680 673 2009 736 rationem
2075 674 2285 756 igitur
2328 674 2574 737 diutius

392 787 691 850 tenuisse
768 788 1123 850 Romanos
1199 788 1294 851 ait
1360 787 1691 870 Polybius
1708 838 1723 862 ‚
1799 792 1886 852 ad
1954 810 2201 852 annum
2274 811 2305 851 2
2322 810 2416 852 11.
2489 827 2571 835 —

326 956 331 960 .
390 903 629 966 Livius
696 905 765 966 id
834 904 1105 966 minime
1177 905 1518 980 concedit;
1584 915 1820 969 contra
1879 906 1976 969 ita
2036 916 2246 988 auget
2307 915 2377 969 et
2432 914 2573 969 tam

392 1019 665 1101 prolixe
740 1020 1020 1101 exponit
1088 1021 1314 1083 omnia
1380 1020 1654 1102 incepta
1724 1042 1899 1103 quae
1967 1023 2185 1085 minus
2251 1042 2575 1103 prospere

395 1135 770 1198 Hannibali
853 1146 1201 1199 cesserunt
1217 1185 1232 1210 ,
1306 1115 1531 1200 omnia
1596 1157 1812 1220 parva
1880 1138 2281 1201 detrimenta
2344 1140 2431 1200 ab
2493 1158 2576 1201 eo

399 1261 635 1334 capta,
691 1261 768 1314 ut
821 1251 964 1315 fere
1011 1253 1261 1316 oblitus
1308 1274 1458 1316 esse
1507 1254 1818 1317 videatur
1863 1274 2069 1337 quam
2115 1254 2358 1336 ingens
2404 1255 2578 1335 peri-

398 1368 627 1430 culum
700 1368 1021 1431 Romano
1087 1369 1342 1431 nomini
1413 1370 1616 1432 etiam
1684 1381 1829 1434 tum
1896 1371 2275 1433 immineret
2292 1420 2306 1446 ‚
2376 1390 2579 1461 quam

402 1484 877 1548 formidolosus
944 1486 1367 1549 adversarius
1425 1487 1505 1549 iis
1569 1487 1760 1550 annis
1826 1509 1856 1548 2
1876 1511 1897 1549 1
1913 1493 2079 1550 6-—2
2098 1509 2120 1549 1
2143 1510 2164 1549 1
2237 1487 2580 1550 Hannibal

400 1621 557 1663 cum
605 1601 909 1664 exercitu
955 1622 1076 1664 suo
1123 1601 1382 1666 victore
1428 1603 1761 1666 Romanis
1806 1602 2039 1678 fuerit;
2087 1604 2182 1666 ita
2227 1624 2335 1666 res
2366 1623 2575 1686 expo-

395 1718 531 1780 suit
589 1727 665 1780 ut
723 1717 922 1781 facile
980 1718 1307 1782 lectorem
1365 1719 1593 1801 opinio
1638 1720 1878 1783 fallere
1925 1730 2157 1802 posset
2202 1719 2396 1802 quasi
2441 1719 2575 1782 iam

400 1833 864 1897 obsoleverint
907 1835 1087 1898 vires
1133 1835 1536 1900 Hannibalis
1554 1886 1568 1910 ,
1618 1847 1687 1901 et
1732 1837 1988 1900 viribus
2012 1837 2345 1901 Romanis
2368 1837 2580 1919 vulgo

399 1948 748 2013 inferiores
811 1950 1075 2015 fuerint.
1171 1949 1288 2015 Sic
1359 1952 1564 2015 etiam
1633 1974 1717 2016 eo
1786 1953 1940 2016 loco
2010 1973 2155 2015 rem
2219 1953 2583 2015 admodum

399 2042 856 2149 exaggeravit
872 2116 888 2141 ,
949 2067 1065 2129 ubi
1129 2066 1320 2130 dicit:
1391 2068 1655 2151 „itaque
1718 2068 1996 2132 hercule
2015 2118 2028 2144 ‚
2087 2069 2276 2132 velut
2322 2069 2378 2131 si
2427 2089 2579 2131 cum
2671 2113 2676 2118 -

400 2182 535 2245 alio
605 2183 911 2246 exercitu
979 2204 1021 2246 a
1079 2183 1317 2266 Capua
1376 2186 1596 2248 exiret
1612 2235 1626 2260 ,
1687 2186 1854 2249 nihil
1913 2206 2197 2267 usquam
2253 2185 2574 2266 pristinae

401 2298 795 2380 disciplinae
850 2300 1101 2364 tenuit'’
1155 2301 1449 2382 (XXIII.
1498 2322 1554 2364 e.
1611 2301 1742 2381 18),
1790 2312 1861 2365 et
1907 2322 1989 2364 eo
2036 2302 2189 2364 loco
2224 2281 2352 2382 'ubi
2396 2301 2575 2363 Mar-

401 2416 652 2478 cellum
722 2393 1059 2480 dicentem
1129 2417 1386 2481 inducit
1445 2418 1523 2500 (a.
1590 2440 1621 2479 2
1639 2441 1660 2480 1
1678 2438 1713 2496 5
1772 2420 1861 2481 ad
1918 2417 2185 2498 Nolam)
2240 2417 2580 2499 „Capuam
2633 2489 2639 2493 ,

399 2531 770 2594 Hannibali
848 2532 1113 2596 Cannas
1187 2532 1392 2598 fuisse
1411 2582 1425 2608 ,
1500 2534 1598 2596 ibi
1671 2533 1992 2596 virtutem
2058 2532 2377 2596 bellicam
2396 2582 2410 2607 ‚
2486 2532 2580 2594 ibi

399 2648 762 2711 militarem
830 2649 1285 2733 disciplinam,
1349 2651 1444 2713 ibi
1503 2650 1853 2732 praeteriti
1914 2651 2238 2731 temporis
2298 2649 2547 2711 famam
2564 2698 2579 2724 ‚

399 2764 500 2827 ibi
566 2785 756 2846 spem
824 2764 1029 2828 futuri
1098 2766 1500 2829 extinctam'’
1562 2766 1856 2848 (XXIII.
1921 2787 1975 2829 c.
2041 2764 2176 2847 45);
2224 2775 2294 2828 et
2338 2764 2580 2826 merito

398 2883 573 2944 haec
635 2882 859 2945 omnia
912 2883 1144 2964 paullo
1189 2893 1346 2965 post
1389 2892 1757 2946 retractare
1804 2883 2041 2945 debuit
2082 2877 2141 2963 ¹).
2191 2919 2273 2926 —-
2320 2881 2581 2943 Tamen

403 2996 610 3059 etiam
668 2997 737 3059 in
780 2996 955 3060 Livii
1001 2999 1383 3061 narratione
1429 2998 1759 3061 eiusmodi
1806 2999 2003 3081 signa
2048 2999 2272 3060 insunt
2288 3046 2302 3072 ‚
2352 3019 2390 3059 e
2438 2996 2581 3078 qui-

393 3114 524 3175 bus
579 3111 721 3175 fere
767 3113 979 3176 invito
1026 3123 1304 3178 auctore
1351 3115 1666 3197 augurari
1712 3115 1927 3196 possit
1972 3123 2388 3196 quantopere
2435 3114 2580 3176 Ro·
2681 3122 2684 3126 ’

400 3227 618 3291 manis
671 3229 979 3310 superior
1025 3230 1229 3292 etiam
1274 3239 1418 3293 tum
1462 3229 1664 3292 fuerit
1708 3229 2087 3304 Hannibal,
2134 3219 2337 3310 quam
2384 3237 2581 3292 caute

403 3344 690 3408 ducibus
769 3347 1102 3409 Romanis
1177 3348 1521 3429 agendum
1587 3345 1791 3409 fuerit
1857 3367 1944 3408 ne
2012 3345 2206 3408 novis
2276 3345 2584 3408 cladibus

400 3462 864 3525 obruerentur.
941 3462 1097 3525 Non
1141 3463 1359 3525 solum
1404 3440 1644 3525 iisdem
1691 3462 1934 3544 quibus
1979 3461 2309 3543 Polybius
2355 3461 2582 3522 verbis

401 3597 732 3659 pavorem
794 3587 864 3640 et
923 3578 1444 3660 trepidationem
1492 3554 1740 3641 civium
1783 3578 2254 3642 Romanorum
2302 3575 2583 3657 exponit

407 3714 562 3756 cum
607 3715 664 3757 a.
717 3716 748 3756 2
766 3716 788 3755 1
810 3718 831 3756 1
888 3694 1232 3757 Hannibal
1278 3696 1366 3756 ad
1410 3695 1663 3757 urbem
1697 3702 1918 3757 castra
1963 3692 2256 3781 haberet·
2288 3691 2581 3773 (XXVI.

412 3832 468 3874 e.
521 3811 599 3894 9.)
644 3813 767 3874 sed
819 3812 1024 3874 etiam
1069 3812 1232 3893 ipsis
1279 3812 1665 3874 consulibus
1712 3819 1782 3874 et
1825 3810 2248 3893 praetoribus
2293 3829 2586 3890 magnae

503 4108 544 4189 ¹)
605 4111 883 4170 XXVIII.
950 4130 1002 4170 e.
1067 4130 1135 4169 12
1194 4128 1305 4186 „ac
1359 4106 1559 4169 nescio
1612 4128 1690 4168 an
1744 4105 2066 4167 mirabilior
2108 4103 2371 4166 adversis
2411 4124 2591 4182 quam

408 4209 682 4269 secundis
744 4211 918 4270 rebus
973 4209 1146 4270 fuerit
1201 4206 1583 4289 (Hannibal),
1640 4206 1861 4284 quippe
1918 4205 2019 4282 qui
2073 4240 2151 4249 —
2203 4204 2288 4264 ita
2329 4205 2592 4281 quodam

405 4306 644 4366 vinculo
699 4309 1078 4385 copulaverat
1126 4328 1228 4368 eos
1269 4305 1505 4388 (milites
1549 4305 1738 4387 suos),
1785 4315 1851 4364 ut
1892 4306 2060 4362 nulla
2099 4323 2201 4362 nec
2241 4306 2398 4362 inter
2438 4306 2592 4379 ipsos

407 4425 511 4465 nec
550 4408 838 4465 adversus
880 4409 1077 4466 ducem
1119 4408 1322 4466 seditio
1363 4406 1658 4465 extiteris
1704 4406 1808 4463 cfr.
1851 4407 1917 4464 P.
1960 4405 2066 4462 XI.
2109 4424 2144 4463 c
2213 4424 2300 4481 19.
