3375 5084
1801 334 1927 374 200

779 505 1145 567 amicorum
1207 503 1644 567 Achaeorum
1692 515 1762 568 et
1806 504 2547 587 Megalopolitanorum
2590 503 2705 584 qui
2748 503 2954 565 rebus

777 619 1199 683 interfuerint
1243 621 1738 684 narrationibus
1784 620 1940 700 (vid.
1988 615 2192 702 supr.)
2233 619 2691 701 composuisse
2724 617 2956 679 videa-

769 745 881 798 tur
898 784 912 810 ,
971 755 1225 818 magna
1287 745 1515 799 tamen
1575 756 1735 818 pars
1797 746 2104 818 superest
2165 756 2275 799 res
2321 756 2363 798 a
2406 734 2726 816 Philippo
2772 732 2958 795 dorni

768 850 1191 931 militiaeque
1238 860 1419 914 terra
1462 852 1767 932 marique
1797 861 2032 934 gestas
2063 851 2427 925 continens
2453 870 2630 931 quae
2658 849 2958 931 [praeter

770 965 916 1028 libr.
979 965 1175 1028 XVI.
1239 970 1323 1051 (a.
1391 987 1507 1029 201
1520 984 1543 1044 )
1601 967 1990 1030 auctoribus
2035 966 2330 1029 Rhodiis
2377 965 2808 1029 tribuendum
2825 1012 2839 1039 ‚
2885 972 2957 1025 et

767 1081 914 1144 libr.
983 1081 1136 1144 VII.
1201 1102 1256 1145 c.
1322 1104 1360 1161 9
1380 1130 1394 1157 ,
1462 1083 1798 1145 tabulario
1844 1082 2319 1164 Macedonico]
2367 1081 2536 1144 fonti
2581 1081 2831 1161 scripto
2879 1087 2953 1141 et

769 1195 1039 1259 auctori
1092 1197 1365 1278 quidem
1412 1197 1620 1261 alicui
1666 1218 1758 1260 ex
1802 1198 1883 1261 iis
1927 1196 2054 1282 qui
2089 1218 2200 1262 res
2244 1195 2557 1281 Philippi
2594 1193 2778 1280 regis
2824 1214 2958 1256 me-

768 1311 1021 1376 moriae
1066 1312 1545 1377 mandaverint
1584 1315 1943 1377 tribuenda
1969 1324 2088 1377 est.
2132 1314 2271 1377 Eos
2296 1323 2607 1377 auctores
2630 1310 2957 1375 indicavit

765 1427 840 1491 P.
902 1427 1089 1491 VIII.
1153 1448 1208 1491 c.
1273 1451 1349 1492 10
1396 1434 1428 1506 5
1477 1450 1547 1508 5,
1596 1433 1743 1508 τούς
1790 1435 2177 1515 συγγραφεῖς
2226 1432 2373 1506 τούς
2424 1438 2794 1512 γράφοντας
2840 1435 2954 1493 τοῦ

774 1544 1113 1610 Φιλίππου
1162 1549 1275 1618 τὰς
1325 1546 1604 1626 πράξεις.
1676 1546 1757 1608 In
1801 1547 2003 1609 rebus
2048 1567 2090 1608 a
2126 1545 2446 1628 Philippo
2478 1546 2692 1628 gestis
2724 1553 2963 1607 contra

773 1659 1138 1723 Messenen
1206 1661 1506 1742 iniquum
1569 1662 1887 1726 iudicium
1948 1682 2067 1724 eos
2127 1662 2362 1724 tulisse
2425 1661 2589 1724 dicit
2631 1656 2706 1739 1>,
2767 1659 2964 1741 quasi

765 1776 947 1839 iusta
1007 1786 1076 1840 et
1139 1777 1387 1841 decora
1430 1778 1605 1842 haec
1650 1777 1932 1841 fuissent
1977 1777 2312 1853 facinora;
2358 1778 2556 1840 nimis
2604 1777 2783 1840 enim
2799 1824 2813 1850 ,
2863 1775 2962 1837 ait

774 1890 1103 1973 Polybius
1119 1941 1133 1968 ‚
1204 1911 1443 1975 regem
1510 1893 1904 1976 Philippum
1964 1894 2376 1957 admirantur
2436 1893 2712 1974 eiusque
2776 1890 2962 1953 facta

728 2153 1011 2221 'fortasse
1067 2171 1196 2222 tota
1247 2161 1421 2222 huius
1476 2182 1712 2243 pugnae
1769 2163 2121 2241 descriptio,
2175 2185 2229 2223 e.
2274 2167 2350 2241 63
2394 2184 2516 2242 sq.,
2560 2162 2737 2244 (Plut.
2782 2182 2834 2220 c,
2883 2159 2966 2241 6).

770 2258 931 2340 [Non
985 2259 1192 2320 addidi
1245 2262 1371 2322 Pol.
1427 2264 1501 2321 II.
1561 2282 1613 2322 c.
1678 2282 1710 2341 5
1720 2281 1751 2341 5
1771 2310 1786 2338 ,
1844 2261 2257 2344 (Megalopolis
2312 2281 2350 2322 a
2403 2263 2723 2323 Cleomene
2785 2269 2967 2337 capta

768 2368 828 2418 et
890 2357 1118 2419 civibus
1179 2359 1413 2420 reddita
1482 2363 1586 2421 sed
1649 2362 1728 2421 ab
1783 2360 1852 2421 iis
1906 2381 2027 2423 non
2082 2361 2356 2443 accepta)
2369 2384 2387 2437 3
2447 2381 2543 2438 ap.
2601 2360 2755 2419 Plut.
2809 2379 2862 2418 c.
2913 2375 2967 2434 5.

768 2456 999 2534 Philop.
1057 2457 1300 2536 quidem
1361 2458 1580 2537 primas
1632 2469 1831 2537 partes
1883 2470 2112 2536 tuetur3
2156 2460 2259 2521 sed
2303 2462 2368 2520 P.
2412 2462 2490 2519 II.
2536 2479 2590 2519 c.
2638 2477 2669 2537 5
2679 2478 2710 2537 5
2756 2457 2972 2518 eadem

771 2576 863 2616 res
924 2567 1197 2617 narratur
1257 2559 1417 2618 nulla
1479 2558 1954 2637 Philopoemenis
2010 2558 2311 2620 mentione
2366 2560 2524 2619 facta
2537 2580 2554 2634 3
2614 2557 2972 2617 Plutarchus

774 2654 969 2715 hausit
1011 2676 1044 2716 e
1080 2656 1315 2735 Polybii
1357 2657 1460 2719 vit.
1490 2659 1629 2734 Ph.3
1660 2657 1941 2737 Polybius
1970 2658 2094 2736 ipse
2122 2657 2182 2718 in
2204 2658 2460 2719 historiis
2481 2677 2608 2718 rem
2630 2654 2973 2737 contraxit}

773 2756 855 2814 P.
923 2756 997 2814 X.
1061 2774 1107 2815 c.
1177 2776 1249 2815 22
1312 2756 1786 2835 Philopoemenis
1841 2756 2114 2822 iuventus
2129 2781 2146 2833 3
2203 2758 2586 2817 Achaeorum
2642 2754 2978 2833 equitatum

774 2853 983 2914 melius
1026 2853 1260 2914 instruit
1301 2854 1477 2936 (Plut.
1521 2877 1574 2915 e.
1624 2877 1683 2929 1,
1727 2878 1780 2916 c.
1828 2878 1862 2933 3
1906 2876 2013 2934 sq.,
2057 2878 2109 2916 c.
2159 2855 2237 2937 7).
2307 2858 2419 2917 XI.
2465 2858 2663 2916 8—-10
2696 2854 2980 2914 Achaeos

775 2951 1046 3012 oratione
1085 2952 1148 3011 in
1188 2952 1353 3013 curia
1393 2953 1595 3014 habita
1636 2953 1739 3035 (10
1782 2963 1810 3027 ξ
1853 2953 1915 3035 8)
1956 2965 2265 3032 permovet
2306 2965 2372 3015 ut
2401 2965 2768 3014 armaturam
2791 2972 2978 3012 curae

772 3051 1029 3110 habeant
1045 3073 1062 3126 3
1127 3071 1323 3112 mores
1384 3052 1612 3131 Philop.
1668 3052 1841 3134 (Plut.
1902 3073 1955 3112 c.
2015 3052 2094 3134 9).
2177 3056 2257 3113 P.
2322 3055 2434 3114 XI.
2493 3051 2728 3112 11—18
2772 3070 2982 3130 pugna

774 3150 853 3208 ad
899 3149 1266 3209 Mantineam
1309 3169 1362 3210 a.
1411 3168 1522 3226 207
1568 3151 1744 3233 (Plut.
1790 3172 1840 3212 c.
1892 3154 2006 3233 10).
2091 3153 2163 3212 P.
2220 3154 2396 3215 XVI.
2441 3171 2487 3211 c.
2528 3155 2604 3228 36
2646 3172 2732 3228 sq.
2777 3152 2982 3209 Acha-

774 3266 983 3308 eorum
1047 3247 1233 3326 copiis
1295 3250 1449 3308 clam
1510 3250 1852 3311 convocatis
1907 3250 2204 3311 Nabidem
2265 3251 2543 3330 profligat
2591 3270 2647 3310 a.
2694 3270 2830 3309 201.
2893 3251 2980 3309 P.

776 3348 950 3406 XXI.
1015 3365 1060 3406 c.
1131 3363 1201 3423 15
1262 3368 1350 3425 sq.
1412 3349 1684 3425 Spartani
1741 3368 1964 3410 corona
2017 3369 2198 3410 aurea
2253 3369 2391 3410 eum
2449 3349 2678 3411 donant
2736 3369 2791 3408 a.
2864 3369 2978 3426 192

772 3446 950 3528 (Plut.
997 3467 1050 3505 e.
1101 3445 1215 3527 15).
1299 3448 1379 3506 P.
1427 3448 1662 3509 XXIV.
1708 3450 1794 3510 8d.
1838 3469 1920 3526 sq.
1970 3451 2136 3510 Mors
2177 3449 2407 3527 Philop.
2452 3449 2698 3527 eiusque
2738 3450 2979 3522 laudeS,

704 3583 709 3586 Δ
772 3544 951 3625 (Plut.
995 3566 1049 3604 c.
1103 3566 1173 3623 19
1218 3544 1346 3626 sq.).
1411 3548 1490 3605 P.
1538 3548 1736 3607 XXV.
1781 3566 1827 3606 c.
1872 3549 2065 3624 9-9b
2105 3546 2233 3628 (cfr.
2278 3551 2344 3607 P.
2388 3550 2615 3608 XXIII.
2662 3567 2715 3609 e.
2768 3568 2840 3607 10
2865 3544 2984 3628 sq.)

774 3644 1056 3705 adversus
1098 3647 1406 3705 Romanos
1448 3647 1829 3706 Achaeorum
1869 3645 2202 3706 libertatem
2244 3646 2549 3708 vindicare
2593 3648 2796 3708 studet
2812 3693 2827 3721 ,
2864 3646 2984 3706 dis-

772 3742 1059 3804 sentiente
1120 3743 1438 3805 Aristaeno
1500 3744 1676 3826 (Plut.
1735 3765 1787 3803 c.
1853 3762 1921 3821 17
1940 3767 1957 3820 3
2015 3745 2138 3805 eius
2193 3745 2422 3806 dictum
2478 3747 2565 3805 Pl.
2627 3766 2681 3806 c.
2732 3764 2802 3822 17
2849 3767 2894 3806 S.
2937 3747 2980 3808 f.

772 3842 898 3901 Pol.
941 3843 978 3902 l.
1021 3843 1060 3901 l.
1105 3862 1156 3902 c.
1204 3844 1276 3920 9b
1316 3851 1344 3915 ξ
1388 3842 1466 3924 6).
1532 3845 1705 3903 Haec
1748 3843 1949 3904 omnia
1987 3864 2109 3905 non
2149 3845 2229 3904 ad
2270 3847 2522 3906 verbum
2563 3844 2849 3922 repetita,
2873 3846 2982 3904 sed

772 3941 972 4015 paullo
1031 3940 1327 4019 copiosius
1384 3941 1651 4020 exposita
1707 3961 1834 4002 esse
1889 3952 2138 4002 testatur
2177 3943 2457 4021 Polybius
2499 3945 2574 4004 X.
2617 3963 2669 4003 c.
2720 3964 2791 4003 21
2838 3951 2868 4015 ξ
2911 3960 2983 4018 7:

776 4044 933 4103 δῆλον
983 4046 1033 4100 ἐν
1083 4055 1143 4126 τῇ
1188 4052 1275 4101 νῦν
1316 4048 1558 4121 ἐξηγήσει
1594 4050 1784 4121 πρέπον
1823 4044 1885 4102 ἂν
1924 4047 1998 4107 εἴη
2040 4078 2121 4087 -
2157 4056 2265 4111 τοῖς
2300 4048 2435 4105 κατὰ
2471 4051 2566 4110 τὴν
2606 4050 2781 4124 ἀκμὴν
2819 4051 2984 4104 αὐτοῦ

778 4143 1136 4216 κεφαλαιωδῶς
1201 4144 1302 4200 ἐκεῖ
1369 4144 1740 4216 δεδηλωμένοις
1804 4142 1973 4219 ἔργοις
2035 4150 2334 4222 ‘apos-&eima
2381 4147 2470 4202 καὶ
2517 4140 2655 4220 (leg.
2707 4141 2801 4223 τὰ)
2846 4147 2983 4202 κατὰ

779 4261 949 4313 ⁹⁵90<-

878 4331 917 4412 ι>
957 4334 1022 4390 P.
1066 4336 1199 4393 VH.
1244 4355 1295 4392 c·
1347 4355 1613 4410 10—14,
1659 4336 1823 4393 VIII.
1869 4356 1919 4394 c.
1972 4356 2042 4394 10
2086 4347 2145 4395 et
2186 4357 2238 4395 o.
2290 4357 2379 4409 14.
