3375 5084
1792 335 1875 376 20

735 507 1059 570 maiorem
1129 505 1333 569 fidem
1400 507 1656 573 habere
1726 525 1928 569 nemo
1989 506 2328 569 dubitabit
2343 554 2357 581 ,
2420 506 2535 588 qui
2595 505 2743 587 ipse
2806 526 2924 568 eas

735 623 1052 706 regiones
1098 623 1340 686 adierit
1387 631 1458 685 et
1500 641 1772 684 omnem
1805 641 2085 702 operam
2113 622 2417 703 posuerit
2443 621 2512 683 in
2535 622 2927 703 indagando

734 739 1059 821 quidquid
1121 737 1512 822 cognitione
1572 737 1855 819 dignum
1916 757 2065 800 esse
2127 747 2415 819 putaret.
2510 734 2652 801 Sed
2704 757 2925 819 neque

731 855 1063 919 lectorum
1143 854 1398 918 utilitas
1416 902 1430 929 ,
1507 873 1730 935 neque
1806 853 2113 916 veritatis
2189 853 2485 917 studium
2502 903 2516 929 ‚
2593 873 2922 916 excusare

730 983 960 1055 potest
1025 974 1208 1056 quod
1270 971 1579 1053 oneravit
1639 971 1851 1034 libros
1911 991 2071 1034 suos
2131 980 2273 1034 tam
2333 971 2559 1054 longis
2622 970 2926 1053 ambagi-

732 1090 860 1153 bus
877 1137 892 1163 ,
939 1089 1181 1172 quibus
1227 1087 1679 1168 suspicionem
1726 1086 2064 1150 contrahit
2110 1087 2303 1169 quasi
2346 1096 2422 1150 ut
2467 1087 2685 1150 altero
2716 1086 2924 1167 scrip-

730 1216 878 1270 tore
946 1206 1234 1288 exploso
1305 1226 1430 1269 sua
1494 1205 1738 1268 merita
1799 1225 1883 1268 eo
1947 1204 2192 1268 clarius
2253 1203 2598 1288 fulgerent
2657 1203 2926 1268 efficere

734 1322 1046 1386 voluerit.

821 1435 1151 1502 Herodoti
1188 1447 1259 1502 et
1305 1435 1715 1522 Thucydidis
1743 1437 1954 1501 libros
1979 1437 2141 1519 quin
2164 1436 2569 1520 cognoverit
2594 1436 2925 1518 Polybius

730 1554 1024 1618 dubitari
1066 1574 1204 1617 non
1248 1562 1508 1635 potest;
1556 1554 1679 1616 sed
1726 1572 1964 1616 eorum
2010 1553 2217 1616 studii
2258 1552 2521 1616 nullum
2558 1552 2928 1635 vestigium

731 1680 941 1734 extat.
1050 1667 1344 1734 Summis
1414 1669 1730 1732 laudibus
1791 1668 2039 1752 dignos
2102 1689 2254 1732 esse
2315 1668 2776 1732 Athenienses
2833 1668 2930 1731 ait

731 1785 1067 1868 Polybius
1084 1835 1100 1867 ‚
1172 1786 1355 1868 quod
1423 1805 1579 1848 cum
1645 1784 1925 1848 Xerxes
1987 1783 2349 1848 Graeciam
2408 1785 2596 1848 bello
2658 1793 2926 1866 peteret

729 1922 854 1984 pro
900 1901 1220 1965 libertate
1267 1899 1602 1965 Graeciae
1650 1900 1795 1963 eius
1840 1900 2172 1982 impetum
2203 1900 2482 1963 tulerint
2515 1896 2575 1982 1).
2624 1897 2767 1964 Sed
2792 1899 2928 1962 alio
2989 1957 3000 1966 .

731 2017 888 2081 loco
948 2017 1283 2080 libertatis
1345 2036 1642 2099 graecae
1705 2025 1942 2080 contra
1994 2016 2240 2079 Persas
2285 2014 2606 2080 defensae
2653 2036 2927 2080 omnem
3021 2103 3029 2110 Ι

731 2133 1026 2217 gloriam
1072 2130 1428 2215 Spartanis
1477 2132 1701 2196 obfert
1738 2131 1799 2214 ²).
1877 2132 1988 2196 De
2021 2132 2544 2198 Atheniensium
2574 2134 2930 2215 republica

729 2249 1049 2314 iudicium
1131 2249 1289 2312 tulit
1365 2249 1826 2331 periniquum;
1904 2250 2385 2314 Themistoclis
2455 2250 2926 2314 tantummodo

729 2365 1118 2430 fortitudine
1180 2363 1435 2429 factum
1499 2386 1649 2429 esse
1706 2365 1801 2430 ait
1841 2362 1884 2447 ³)
1930 2376 2006 2429 ut
2049 2366 2438 2448 respublica
2482 2365 2926 2430 Atheniensis

728 2483 817 2546 ad
884 2483 1178 2565 gradum
1245 2481 1545 2564 aliquem
1612 2481 1966 2564 dignitatis
2039 2491 2110 2545 et
2176 2482 2441 2565 gloriae
2502 2482 2891 2564 pervenerit
2909 2531 2924 2557 ,

731 2600 918 2682 quod
964 2598 1230 2662 etiamsi
1273 2596 1561 2661 fortasse
1608 2598 1881 2680 saepius
1928 2596 2185 2662 factum
2231 2608 2338 2662 est
2382 2594 2755 2681 (πλεονάκις
2805 2604 2926 2683 μὲν

601 2799 609 2806 ‚
728 2717 879 2789 ἴσως
898 2709 945 2796 Ι)
1030 2714 1253 2802 magis
1333 2714 1758 2797 singulorum
1827 2714 2126 2777 virorum
2191 2715 2649 2796 praestantiae
2725 2735 2929 2798 quam

729 2831 988 2895 civitati
1051 2831 1121 2895 in
1167 2830 1441 2894 laudem
1484 2832 1891 2895 vertendum
1941 2841 2046 2894 est
2082 2830 2144 2913 ⁴).
2234 2831 2412 2895 Nam
2456 2833 2608 2914 ipsa
2653 2832 2894 2896 civitas
2913 2881 2927 2907 ‚

727 2948 825 3012 ita
898 2947 1130 3031 pergit
1179 2946 1225 3029 5)
1250 2997 1265 3023 ,
1347 2946 1490 3011 fere
1560 2968 1832 3030 semper
1895 2948 2165 3031 remigii
2231 2949 2426 3011 navis
2495 2948 2733 3012 similis
2800 2948 2927 3012 fuit

729 3064 1002 3128 domino
1066 3064 1389 3140 carentis;
1454 3064 1569 3147 qui
1630 3064 1951 3148 quamdiu
2008 3074 2195 3128 me'tu
2239 3066 2667 3147 tempestatis
2714 3066 2925 3130 conti-

726 3189 973 3244 nentur
988 3229 1003 3256 ,
1075 3180 1447 3244 concordes
1515 3190 1586 3245 et
1657 3181 2102 3264 gubernatori
2172 3182 2571 3245 obedientes
2637 3182 2924 3266 egregie

728 3294 956 3359 officio
1001 3294 1404 3378 funguntur3
1451 3297 1575 3360 sed
1619 3306 1985 3380 postquam
2028 3319 2067 3360 e
2098 3298 2384 3380 periculi
2407 3306 2595 3361 metu
2619 3297 2926 3381 exempti

729 3421 885 3476 sunt
901 3461 916 3488 ‚
978 3413 1321 3476 discordia
1380 3413 1674 3495 erumpit
1721 3434 1857 3495 qua
1902 3414 2369 3496 spectaculum
2414 3424 2613 3497 turpe
2659 3424 2925 3497 specta-

727 3528 988 3609 toribus
1005 3576 1019 3603 ,
1088 3528 1289 3592 sociis
1350 3548 1516 3591 vero
1577 3530 2034 3612 navigationis
2097 3540 2482 3594 extremum
2547 3531 2966 3613 periculum'

728 3645 1166 3721 contrahunt3
1235 3627 1468 3728 itaque
1538 3648 2113 3732 quemadmodum
2181 3648 2302 3711 illa
2364 3648 2558 3711 navis
2620 3668 2807 3711 mare
2854 3656 2926 3710 et

818 3955 860 4036 ¹)
901 3957 967 4016 P.
1011 3957 1355 4016 XXXVIII.
1398 3977 1453 4016 c.
1501 3959 1569 4016 1b
1609 3966 1637 4031 5
1686 3979 1712 4017 1
1758 3978 1889 4037 sqq.

806 4053 858 4137 2)
896 4057 1001 4115 VL
1051 4075 1106 4115 c.
1149 4076 1226 4134 49
1267 4063 1295 4128 5
1342 4074 1375 4134 5
1420 4090 1503 4102 --
1543 4057 1649 4116 cfr.
1693 4076 1744 4116 e.
1790 4077 1848 4136 g.
1895 4058 2126 4118 Herod.
2173 4060 2310 4117 VH.
2361 4059 2508 4136 138,
2561 4078 2694 4137 139.

810 4151 859 4234 ³)
901 4156 1007 4213 VI.
1054 4174 1108 4213 c,
1151 4175 1248 4229 44.

808 4249 859 4333 4)
907 4251 1037 4312 Vid.
1079 4254 1187 4312 IX.
1233 4272 1286 4312 c.
1333 4272 1407 4329 23
1454 4261 1482 4326 §
1524 4257 1581 4314 6.

807 4348 859 4432 ³)
900 4352 1007 4411 VI·
1050 4370 1103 4410 e.
1149 4372 1228 4425 44
1268 4359 1298 4424 ἓ
1340 4371 1375 4428 3
1421 4370 1551 4429 sqq·
