3375 5084
1407 355 1535 418 161,

354 558 521 612 nus,
573 548 816 619 postea
860 538 1299 602 Achaeorum
1344 550 1619 621 praetor
1661 539 1882 603 fuerat
1900 589 1914 613 ,
1962 541 2209 604 multas
2257 545 2346 605 ob
2394 565 2548 607 cau-

356 675 479 716 sas
542 655 955 737 improbavit
1023 656 1465 738 Phylarchus,
1557 655 1752 739 Quae
1813 655 2013 720 affert
2074 658 2402 739 Polybius
2467 663 2556 722 ad

361 771 643 834 crimine
705 772 1124 836 crudelitatis
1185 773 1480 836 Aratum
1540 773 1913 836 levandum
1930 822 1944 848 ,
1992 794 2233 855 parum
2280 777 2369 837 ad
2413 796 2558 838 rem

358 885 634 950 faciunt.
761 889 1166 952 Plutarchus
1192 938 1206 963 ‚
1285 889 1549 952 omissis
1626 889 2032 970 quibusdam
2106 892 2310 953 rebus
2388 911 2557 972 quas

363 1002 694 1085 Polybius
762 1005 1177 1069 refutaverat
1194 1054 1208 1080 ,
1279 1006 1446 1068 alias
1508 1006 1713 1068 etiam
1775 1026 2014 1069 causas
2075 1027 2114 1068 e
2162 1007 2551 1088 Phylarcho

364 1117 566 1182 affert
626 1140 745 1182 cur
802 1121 1285 1184 Aristomacho
1346 1123 1765 1203 parcendum
1822 1120 2060 1184 fuisset
2110 1119 2183 1201 ¹):
2247 1132 2395 1184 erat
2455 1123 2560 1184 vir

368 1255 508 1296 non
574 1236 753 1299 male
824 1246 1123 1300 moratus
1140 1286 1154 1312 ‚
1224 1257 1358 1318 quo
1429 1237 1685 1300 Aratus
1750 1238 1955 1301 etiam
2018 1236 2330 1299 familiari
2398 1259 2558 1300 usus

364 1361 548 1415 esset
572 1401 586 1427 ,
677 1354 792 1434 qui
880 1354 1077 1416 huius
1152 1355 1558 1417 auctoritate
1638 1363 1861 1417 motus
1937 1355 2178 1416 urbem
2253 1353 2557 1416 Achaeis

363 1468 802 1532 adiunxisset.
853 1507 935 1514 —
983 1469 1315 1551 Polybius
1363 1480 1594 1534 autem
1626 1471 1976 1533 contendit
2007 1470 2559 1533 Aristomachum

366 1583 573 1646 etiam
620 1604 755 1647 uno
801 1586 986 1648 vitae
1033 1606 1208 1648 suae.
1231 1587 1341 1648 die
1375 1596 1758 1649 extremum
1783 1586 2191 1667 supplicium
2216 1587 2556 1660 meruisse,

363 1709 436 1763 et
502 1700 625 1763 illo
695 1702 970 1782 quidem
988 1751 1002 1777 ,
1066 1723 1202 1783 quo
1264 1703 1619 1785 octoginta
1678 1702 1945 1765 nobiles
2006 1703 2314 1784 Argivos
2359 1703 2558 1764 inter-

362 1815 638 1880 fecisset
699 1820 883 1898 quod
944 1839 1064 1881 eos
1127 1839 1281 1882 cum
1341 1818 1562 1882 Arato
1629 1839 1740 1882 res
1785 1820 2041 1881 habere
2088 1820 2558 1900 suspicaretur.

362 1933 560 1995 Nunc
625 1935 863 1998 omitto
926 1935 1370 1999 Plutarchum
1425 1937 1563 1999 tale
1611 1936 1775 2017 quid
1824 1936 2222 2017 exposuisse
2270 1937 2357 1998 de
2405 1935 2559 1997 Ari-

361 2050 619 2131 stippo,
685 2052 1034 2133 superiore
1094 2062 1382 2134 tyranno
1423 2054 1489 2136 2).
1579 2053 1876 2133 Polybio
1939 2053 2070 2115 hac
2115 2053 2184 2114 in
2230 2073 2303 2114 re
2350 2050 2554 2114 fidem

453 2302 493 2383 ¹)
534 2304 688 2363 Plut.
732 2306 901 2363 Arat.
945 2324 1001 2364 c.
1046 2325 1125 2378 44
1166 2306 1266 2362 fin.

442 2401 687 2483 2)-P1ut.
744 2404 870 2484 (Ar.
935 2402 1036 2485 27)
1090 2404 1207 2463 hoc
1255 2412 1490 2462 narrat:
1555 2405 1778 2462 Aratus
1817 2402 1937 2461 iam
1979 2412 2157 2461 antea
2199 2421 2375 2479 saepe
2418 2404 2560 2460 Ari-

353 2504 547 2578 stippo
586 2501 827 2562 insidias
868 2513 1212 2581 paraverat;
1257 2513 1384 2562 tum
1428 2501 1597 2562 scalis
1639 2499 1927 2579 appositis
1969 2521 2106 2560 cum
2150 2499 2356 2577 paucis
2390 2501 2560 2559 satel-

353 2600 554 2661 litibus
624 2621 862 2660 murum
932 2600 1247 2660 adscendit
1315 2612 1375 2660 et
1444 2599 1724 2659 custodes
1797 2598 2069 2659 confecit.
2182 2598 2303 2658 Ubi
2373 2598 2561 2657 illuxit

355 2709 641 2776 tyrannus
703 2720 841 2759 eum
905 2699 1246 2778 aggreditur
1261 2722 1278 2775 3
1344 2698 1554 2778 Argivi
1618 2708 1852 2772 autem,
1917 2696 2084 2775 quasi
2145 2717 2266 2756 non
2323 2697 2398 2756 de
2455 2717 2561 2756 sua

353 2797 626 2859 libertate
682 2808 985 2877 ageretur,
1041 2800 1144 2859 sed
1189 2798 1357 2876 quasi
1398 2797 1603 2858 arbitri
1648 2806 1844 2858 essent
1885 2783 1952 2855 in
1985 2796 2218 2856 ludicro
2262 2798 2559 2870 Neman,

355 2897 544 2975 quieti
606 2901 989 2975 spectabant3
1054 2900 1276 2958 Aratus
1341 2898 1400 2958 in
1463 2917 1666 2976 pugna
1729 2899 2071 2957 vulneratus
2125 2897 2324 2956 locum
2381 2915 2559 2972 quem

355 3007 760 3075 occupaverat
810 2996 998 3057 tenuit
1039 3017 1227 3074 usque
1267 2998 1346 3057 ad
1386 3007 1626 3057 noctem
1669 2998 1747 3056 ab
1789 2996 2058 3056 hostibus
2101 2995 2361 3072 undique
2404 3015 2562 3072 pres-

356 3116 474 3157 sus
579 3099 708 3156 Iam
771 3107 1057 3174 tyrannus
1119 3098 1321 3175 fugam
1387 3080 1693 3176 cogitabat
1712 3143 1726 3170 ,
1791 3097 1895 3156 sed
1960 3098 2183 3154 Aratus
2242 3094 2416 3154 huius
2478 3093 2562 3154 rei

351 3195 594 3273 ignarus
611 3242 626 3270 ‚
692 3216 830 3256 cum
897 3215 1054 3273 aqua
1108 3196 1389 3256 deficeret
1407 3243 1421 3271 ,
1477 3195 1690 3256 milites
1739 3193 2006 3256 abduxit.
2091 3192 2373 3271 Polybius
2413 3193 2563 3253 haec

354 3295 540 3354 tradit
580 3294 679 3376 (II.
730 3313 824 3372 59.
872 3295 964 3376 8):
1030 3297 1253 3354 Aratus
1294 3315 1434 3360 cum
1476 3294 1734 3356 Achaeis
1774 3294 1834 3353 in
1878 3296 2088 3354 urbem
2132 3294 2286 3351 clam
2318 3291 2559 3369 irrupit,

352 3405 415 3454 et
458 3395 776 3454 vehemens
819 3405 1119 3454 certamen
1163 3412 1497 3473 magnaque
1540 3394 1806 3472 pericula
1849 3390 2121 3452 sustinuit
2149 3411 2261 3469 pro
2288 3390 2560 3451 libertate
2600 3394 2601 3399 ’

356 3493 722 3572 Argivorum
741 3540 755 3568 ,
822 3494 927 3553 sed
984 3494 1227 3553 tandem
1282 3504 1516 3572 tergum
1574 3502 1805 3553 vertere
1861 3501 2106 3551 coactus
2148 3500 2237 3550 est
2278 3489 2560 3566 quoniam

356 3594 434 3653 ab
490 3591 563 3652 iis
603 3590 844 3671 Argivis
885 3590 1240 3668 quibuscum
1285 3591 1339 3652 ei
1381 3602 1625 3670 pactum
1667 3600 1795 3651 erat
1813 3637 1827 3665 ,
1872 3591 2067 3649 nullus
2107 3598 2304 3648 motus
2346 3586 2527 3648 fiebat
2544 3634 2558 3661 ,

356 3712 496 3751 cum
538 3691 773 3769 tyranni
816 3700 979 3751 metu
1022 3691 1456 3751 cohiberentur.
1522 3693 1834 3750 Hactenus
1881 3699 2200 3765 utrumque
2241 3688 2362 3746 fere
2399 3686 2559 3746 idem

351 3801 442 3851 est
484 3800 736 3867 excepto
778 3789 1020 3851 nomine
1063 3790 1316 3868 tyranni.
1382 3790 1498 3850 Sed
1539 3789 1825 3868 Polybius
1867 3787 2037 3848 addit
2073 3786 2558 3846 Aristomachum

354 3890 556 3967 paullo
617 3898 756 3966 post
816 3890 893 3949 de
956 3888 1262 3967 octoginta
1316 3888 1611 3949 nobilibus
1666 3886 1905 3967 Argivis
1963 3884 2317 3964 supplicium
2360 3904 2556 3962 sump-

354 3989 516 4049 sisse.
573 4024 654 4032 —
708 3989 984 4048 Fortasse
1037 4007 1129 4048 res
1168 3987 1253 4055 ita
1293 3985 1647 4064 explicanda
1688 3997 1778 4047 est
1819 3996 1885 4045 ut
1927 3983 2381 4044 Aristomachus
2398 4029 2413 4058 ,
2457 3983 2558 4060 qui

354 4097 493 4166 post
555 4096 811 4147 mortem
873 4085 1163 4164 Aristippi
1226 4085 1424 4146 statim
1483 4085 1800 4163 imperium
1856 4083 2113 4160 suscepit
2167 4081 2297 4163 (Ar.
2355 4102 2407 4140 c.
2458 4082 2556 4164 29)

351 4187 472 4247 iam
514 4197 690 4247 antea
731 4185 1039 4264 Aristippo
1081 4184 1382 4245 familiaris
1423 4195 1482 4245 et
1525 4184 1719 4246 socius
1759 4183 1992 4261 imperii
2031 4181 2158 4241 fuit.
2203 4216 2284 4225 —-
2326 4182 2555 4241 Plutar-

355 4288 504 4346 chus
558 4285 678 4346 iam
732 4286 849 4345 hoc
896 4285 1031 4345 loco
1073 4287 1346 4344 Deinian
1391 4294 1626 4344 secutus
1668 4293 1787 4358 est,
1831 4301 2010 4359 quem
2053 4300 2106 4340 e.
2154 4301 2230 4357 29
2271 4280 2333 4338 in
2373 4281 2550 4341 rebus

356 4383 648 4461 Aristippi
687 4384 909 4445 laudat.

2325 4486 2351 4537 1
2360 4487 2386 4538 1
