3375 5084
1798 364 1834 420 6

731 556 973 637 ὄρθρον
1028 554 1095 615 ἐν
1143 558 1261 632 μὲν
1314 559 1402 631 τῷ
1452 549 1715 634 πολέμῳ
1764 549 2189 634 διεγείρουσιν
2240 555 2311 614 αἱ
2342 548 2712 633 σάλπιγγες,
2749 556 2914 615 κατὰ

734 667 801 731 δὲ
851 674 969 750 τὴν
1022 671 1281 751 εἷρήνην
1332 673 1394 733 οἱ
1438 671 1699 749 ὄρνιθες
1740 664 1801 749 1).
1871 667 2096 731 Locus
2142 679 2246 732 est
2290 669 2511 750 poetis
2542 669 2703 732 satis
2735 687 2912 731 com-

731 783 979 857 muniS‚
1052 781 1166 846 cfr.
1236 782 1401 845 Hor.
1460 782 1584 864 Ep.
1646 783 1731 845 H.
1799 803 1832 861 5
1893 792 1963 846 et
2010 784 2159 846 Tib.
2206 784 2256 846 Ι.
2307 805 2362 862 3.
2408 804 2506 847 vs,
2557 804 2637 862 59
2685 803 2781 864 sq.
2830 819 2910 827 —-

732 897 874 962 Sed
932 898 1207 980 Polybii
1252 898 1528 987 ingenio
1575 899 1899 961 severiori
1944 898 2016 960 hi
2060 919 2296 961 versus
2334 898 2378 979 2)
2426 910 2495 962 et
2547 898 2919 961 sententiae

732 1013 1029 1095 pueriles
1094 1013 1424 1076 videntur.
1519 1011 1949 1095 Quamquam
2018 1014 2190 1077 ratio
2258 1014 2481 1078 ieiuna
2547 1035 2680 1097 qua
2739 1014 2922 1096 quod

729 1150 971 1193 revera
1032 1139 1306 1212 gestum
1365 1149 1502 1192 non
1562 1130 1647 1193 sit
1710 1131 1998 1212 despicit
2050 1131 2144 1205 P.,
2199 1141 2477 1194 eatenus
2524 1132 2588 1195 ei
2638 1129 2888 1213 profuit
2904 1178 2918 1204 ,
2994 1167 2997 1169 Δ

733 1247 917 1327 quod
963 1253 1350 1308 constanter
1395 1256 1607 1328 negat
1650 1245 1901 1309 fabulis
1930 1256 2288 1327 poetarum
2314 1245 2520 1309 fidem
2551 1268 2625 1310 se
2647 1247 2918 1319 habere,

731 1362 846 1425 vel
895 1371 970 1424 ut
1014 1362 1144 1442 ipsi
1192 1361 1355 1425 dicit
1398 1358 1563 1444 ὕλην
1615 1373 1932 1447 τραγικήν
1980 1363 2049 1425 in
2094 1363 2445 1427 historiam
2482 1364 2820 1426 intrudere
2860 1359 2921 1442 ³).

820 1477 1169 1558 Expositis
1229 1488 1587 1559 poetarum
1649 1479 1886 1542 studiis
1940 1480 2325 1543 accedimus
2371 1482 2460 1543 ad
2507 1481 2730 1543 studia
2773 1478 2920 1560 phi-

734 1595 1173 1675 losophorum
1221 1604 1291 1657 et
1320 1596 1809 1659 historicorum.
1858 1595 1968 1660 Ac
1999 1597 2289 1678 primum
2319 1597 2593 1678 quidem
2615 1592 2925 1659 Platonis

736 1711 821 1773 de
868 1710 1222 1792 republica
1265 1711 1655 1774 memoriter
1702 1711 1961 1792 aliquot
2006 1712 2195 1775 locos
2240 1713 2542 1775 laudavit
2580 1711 2640 1794 ⁴).
2710 1712 2808 1774 Ut
2853 1710 2926 1772 hi

737 1826 874 1890 loci
920 1827 1283 1889 ostendunt
1328 1847 1485 1888 eum
1530 1847 1666 1889 non
1713 1846 1956 1908 parum
2005 1848 2214 1909 opera
2257 1828 2573 1890 iuvenem
2603 1827 2671 1889 in
2703 1824 2925 1889 studio

737 1942 1043 2004 Platonis
1117 1942 1491 2004 collocasse
1510 1990 1524 2016 ,
1598 1942 1694 2005 sic
1763 1953 1950 2006 recte
2019 1943 2154 2005 alio
2225 1945 2380 2006 loco
2449 1943 2751 2024 explicat
2809 1959 2930 2004 cur

741 2057 1052 2139 scriptori
1117 2077 1341 2120 rerum
1408 2067 1758 2140 gestarum
1827 2059 1914 2121 de
1973 2059 2177 2121 variis
2238 2078 2463 2122 rerum
2506 2058 2928 2140 publicarum

736 2172 969 2236 formis
1015 2173 1247 2256 agenti
1294 2173 1415 2235 illa
1443 2173 1751 2236 Platonis
1781 2174 2170 2255 respublica
2199 2175 2404 2255 plane
2428 2174 2515 2237 sit
2540 2172 2929 2236 omittenda.

738 2288 915 2351 Nam
931 2337 945 2363 ,
1006 2288 1101 2351 ait
1146 2288 1221 2370 ⁵),
1283 2300 1358 2352 ut
1418 2310 1461 2351 a
1518 2289 1840 2370 praemiis
1885 2290 2293 2352 athletarum
2342 2309 2461 2352 eos
2507 2288 2931 2351 excludimus

738 2404 853 2485 qui
919 2405 1235 2485 peritiam
1301 2424 1492 2467 suam
1553 2405 1622 2467 in
1683 2405 1901 2468 solem
1963 2415 2168 2486 atque
2229 2405 2584 2487 pulverem
2629 2402 2930 2466 nondum

737 2520 1180 2601 produxerint
1198 2569 1212 2595 ‚
1280 2521 1376 2584 sic
1441 2521 1630 2583 illam
1694 2521 2184 2601 rempublicam
2247 2539 2400 2583 cum
2455 2519 2603 2582 aliis
2649 2535 2932 2599 quarum

739 2636 1127 2717 accepimus
1172 2637 1570 2700 memoriam
1620 2657 2033 2718 componere
2065 2655 2358 2718 aequum
2386 2656 2523 2698 non
2555 2644 2683 2708 est,
2707 2652 2931 2714 neque

737 2751 957 2834 magis
1023 2772 1177 2815 cum
1238 2752 1387 2814 aliis
1449 2752 1829 2833 comparari
1889 2760 2118 2832 potest
2171 2771 2375 2832 quam
2420 2759 2644 2812 statua
2691 2747 2934 2829 pulcra

741 2867 1015 2949 quidem
1062 2867 1185 2929 sed
1231 2867 1526 2929 inanima
1572 2887 1729 2929 cum
1768 2867 2233 2929 animantibus
2303 2865 2457 2927 Hoc
2488 2865 2644 2927 1000
2674 2863 2934 2944 optime

740 2982 994 3045 iudicat
1037 2982 1112 3044 P.
1163 2983 1249 3044 de
1297 3001 1574 3044 munere
1620 2981 1925 3043 historici
1972 3002 2014 3043 a
2051 2980 2439 3062 philosophi
2469 2979 2937 3062 segregand03

743 3109 974 3162 tamen
1020 3100 1316 3163 studium
1361 3097 1668 3161 Platonis
1714 3099 2025 3181 gravium
2073 3119 2373 3161 errorum
2419 3099 2482 3161 ei
2530 3118 2738 3161 causa
2776 3095 2905 3158 fuit
2922 3144 2939 3168 ,

743 3215 831 3276 de
880 3215 1123 3294 quibus
1170 3214 1306 3276 alio
1352 3214 1507 3278 loco
1553 3214 1750 3277 nobis
1796 3215 2140 3297 agendum
2186 3224 2305 3277 est.

810 3328 1035 3411 ⁴Plato
1102 3329 1392 3410 denique
1438 3330 1614 3393 inter
1658 3349 1778 3392 eos
1825 3339 1928 3392 est
1973 3329 2450 3393 celeberrimos
2497 3336 2811 3390 auctores
2860 3329 2947 3409 (οἱ

745 3441 1141 3524 λογιώτατοι
1202 3445 1333 3509 τῶν
1400 3443 1690 3529 ἀρχαίων
1756 3443 2204 3529 συγγραφέων)
2265 3463 2435 3523 quos
2488 3442 2706 3504 minus
2752 3450 2947 3504 recte

747 3562 834 3623 de
912 3560 1265 3640 republica
1346 3559 1652 3623 Cretensi
1727 3559 2130 3622 iudicavisse
2198 3566 2429 3621 censet
2496 3556 2833 3638 Polybius
2881 3555 2949 3637 ⁶).

838 3785 877 3866 ¹)
918 3786 984 3843 P.
1028 3787 1165 3843 XII.
1212 3805 1265 3843 0.
1317 3787 1410 3843 26.

827 3884 878 3965 2)
920 3884 1156 3943 Laudat
1197 3882 1402 3959 Eurip.
1447 3884 1516 3940 fr.
1563 3886 1679 3954 462
1701 3927 1715 3955 ‚
1761 3891 1820 3939 et
1862 3878 2113 3938 Homeri
2154 3896 2374 3936 versus

830 3982 879 4063 3)
922 3983 1043 4042 Cfr.
1088 3983 1165 4041 II.
1211 4001 1264 4040 0.
1315 3984 1386 4040 16
1430 3988 1457 4051 ἓ
1505 4000 1605 4053 143
1649 3982 1728 4038 H.
1773 3998 1825 4036 0.
1877 3993 1945 4051 17
1991 3984 2018 4046 ξ
2062 3979 2118 4035 6.

828 4081 879 4162 )
921 4083 987 4140 P.
1031 4082 1196 4138 VIII.
1248 4099 1319 4154 13
1363 4085 1391 4150 ξ
1438 4094 1490 4151 7.
1533 4112 1611 4119 —-
1656 4077 1828 4135 Plato
1870 4077 1947 4133 R.
1989 4076 2056 4132 P.
2100 4075 2265 4131 VIII.
2309 4092 2367 4149 p.
2417 4074 2527 4147 565
2565 4074 2677 4146 D.;
2710 4074 2776 4131 P.
2808 4075 2960 4134 XII.

748 4181 823 4238 28
866 4187 894 4251 ς
940 4198 993 4238 2.
1038 4213 1117 4221 --
1159 4179 1246 4237 Pl.
1292 4179 1368 4235 R.
1412 4176 1478 4233 P.
1522 4194 1581 4250 p.
1626 4189 1743 4248 473
1789 4174 1866 4229 D.

830 4276 880 4356 ⁵)
921 4278 988 4335 P.
1032 4277 1137 4334 VI.
1181 4296 1234 4334 0.
1280 4291 1354 4348 47
1401 4280 1428 4343 ξ
1476 4289 1528 4346 7.

832 4374 882 4455 ⁰)
923 4377 990 4433 P.
1034 4375 1137 4431 VI.
1184 4393 1236 4431 c.
1283 4386 1381 4448 45.
1427 4405 1503 4412 --
1550 4388 1601 4425 0.
1647 4382 1722 4440 47
1768 4373 1795 4437 ξ
1838 4368 1893 4424 6.
