3375 5084
1443 320 1559 391 185

462 509 467 512 ’
500 505 828 587 Polybius
875 515 1105 569 autem
1152 527 1306 569 cum
1353 507 1655 569 Romam
1688 509 1980 582 veniret,
2015 528 2166 570 eam
2190 508 2595 571 sententiam

408 622 607 683 avide
671 623 1028 702 amplexus
1085 633 1189 686 est
1207 672 1221 698 ,
1264 623 1471 688 ‚cuius
1517 624 1650 686 iam
1697 633 1900 686 antea
1945 623 2353 686 Flaminium
2400 624 2596 704 quasi

408 737 757 817 auspicem
810 738 1178 801 admiratus
1225 748 1372 801 erat
1388 787 1402 813 ‚
1450 759 1655 819 quam
1699 759 1879 802 nunc
1923 741 2011 801 ab
2060 739 2158 801 eis
2206 739 2411 801 etiam
2459 739 2592 801 coli

405 852 718 926 videbat,
780 854 895 934 qui
955 874 1029 916 se
1090 854 1434 936 ignotum,
1482 854 1705 935 patria
1751 864 2093 917 extorrem
2113 904 2126 928 ‚
2173 854 2597 935 proditorum

412 967 668 1030 insidiis
716 968 1247 1033 circumventum
1296 971 1580 1033 comiter
1627 971 2034 1052 acciperent.
2115 967 2295 1033 Hinc
2342 970 2598 1032 factum

412 1095 516 1146 est
536 1133 549 1156 ,
603 1094 679 1147 ut
723 1105 1015 1167 aequum
1063 1096 1132 1149 et
1175 1088 1589 1149 benevolum
1634 1087 1929 1150 iudicem
1974 1107 2198 1149 rerum
2246 1087 2595 1149 Romana-

408 1220 559 1261 rum
605 1221 679 1262 se
725 1203 1115 1283 praebuerit
1133 1252 1147 1277 ,
1193 1223 1404 1284 saepe
1452 1203 1657 1265 etiam
1701 1202 1900 1265 nimis
1946 1203 2360 1265 benevolum
2379 1250 2393 1276 ,
2440 1220 2598 1263 nam

407 1316 536 1377 etsi
609 1337 745 1378 non
821 1318 1047 1379 omnia
1113 1318 1183 1379 in
1250 1318 1551 1381 moribus
1620 1329 1691 1380 et
1760 1318 2057 1381 consiliis
2124 1317 2600 1379 Romanorum

413 1433 912 1512 comprobavit,
959 1442 1190 1495 tamen
1234 1433 1431 1495 nimis
1476 1433 1781 1514 pellucet
1822 1433 1966 1496 eius
1997 1434 2296 1496 studium
2326 1452 2602 1515 persua-

411 1547 615 1609 dendi
684 1546 965 1611 Graecis
1033 1558 1109 1611 ut
1182 1550 1473 1611 salutem
1541 1569 1734 1611 suam
1806 1557 2047 1630 petant
2116 1570 2206 1611 ex
2275 1548 2602 1629 obsequio

410 1663 827 1744 reipublicae
873 1664 1236 1728 Romanae
1258 1714 1272 1740 ,
1319 1685 1729 1747 quamquam
1775 1666 1973 1728 huius
2019 1666 2436 1747 reipublicae
2485 1666 2600 1727 ad-

409 1780 809 1844 ministratio
879 1790 1039 1845 tunc
1109 1802 1245 1844 non
1313 1782 1604 1863 amplius
1667 1803 1883 1865 penes
1946 1780 2284 1864 Scipionis
2348 1782 2605 1845 amicos

411 1904 577 1958 erat.
1718 1910 1724 1917 '

501 2010 763 2073 Verum
824 2022 1415 2094 quantumcunque
1478 2013 1695 2076 valuit
1752 2014 1821 2075 in
1881 2022 2110 2076 mente
2166 2013 2440 2095 Polybii
2486 2015 2601 2076 ad-

408 2127 675 2190 miratio
740 2126 1078 2209 Scipionis
1140 2129 1416 2211 eiusque
1480 2130 1853 2193 amicorum
1868 2178 1883 2205 ,
1943 2128 2193 2192 frustra
2249 2130 2603 2194 laborave-

404 2253 561 2304 runt
634 2243 748 2323 qui
822 2243 998 2306 hanc
1076 2246 1164 2306 ob
1244 2264 1518 2320 causam
1586 2243 1794 2307 fidem
1859 2245 2253 2307 historicam
2326 2245 2603 2327 Polybii

407 2358 766 2422 debilitare
810 2361 1166 2424 voluerint.
1218 2398 1300 2405 -—
1350 2360 1505 2442 Qua
1550 2363 1636 2424 de
1668 2382 1744 2425 re
1778 2382 1935 2425 cum
1965 2362 2100 2424 iam
2125 2362 2292 2425 alibi
2315 2363 2594 2444 egerim,

405 2494 587 2537 nunc
657 2476 1214 2539 animadvertisse
1284 2475 1576 2539 sufficiat
1597 2526 1611 2552 ‚
1681 2487 1944 2540 tantum
2018 2479 2260 2540 abesse
2328 2489 2403 2540 ut
2470 2477 2602 2541 hac

410 2589 869 2654 familiaritate
930 2601 1167 2667 motus
1215 2593 1524 2655 consulto
1580 2593 1697 2655 vel
1743 2593 1992 2655 invitus
2037 2593 2210 2655 falsa
2255 2593 2600 2674 scripserit

405 2706 744 2789 Polybius
761 2757 775 2783 ‚
821 2717 897 2770 ut
944 2709 1148 2771 etiam
1195 2710 1282 2771 de
1328 2709 1569 2790 priscis
1613 2710 1818 2772 rebus
1864 2710 2200 2772 Romanis
2244 2709 2519 2771 minime
2563 2731 2602 2772 e

407 2833 638 2886 mente
688 2821 1025 2905 Scipionis
1069 2825 1472 2887 iudicaverit
1489 2873 1505 2898 ,
1552 2827 1676 2888 sed
1721 2824 1790 2887 in
1836 2826 1945 2900 iis,
1977 2835 2053 2888 ut
2081 2826 2365 2899 videtur,
2393 2825 2600 2887 etiam

407 2948 759 3002 auctorem
829 2961 1026 3003 suum
1096 2940 1384 3004 Fabium
1453 2943 1646 3022 sequi
1715 2943 1951 3005 soleat.
2061 2942 2142 3005 Id
2212 2952 2497 3024 apparet
2563 2963 2602 3005 e

407 3054 660 3118 iudicio
728 3057 913 3137 quod
979 3056 1134 3118 tulit
1193 3057 1279 3119 de
1341 3057 1502 3138 lege
1567 3078 1609 3119 a
1671 3056 1742 3121 C.
1806 3057 2141 3121 Flaminio
2204 3078 2263 3120 a.
2328 3079 2449 3135 232
2515 3059 2601 3120 de

412 3191 586 3253 agro
632 3171 986 3235 Picentino
1033 3172 1496 3235 distribuendo
1541 3173 1700 3236 lata.
1774 3173 1951 3235 Nam
1993 3194 2217 3254 neque
2264 3174 2412 3254 ipsa
2454 3174 2598 3249 lex,

406 3306 581 3367 ager
639 3286 955 3367 publicus
1014 3287 1276 3351 civibus
1322 3287 1658 3350 Romanis
1705 3289 2073 3352 tradendus
2091 3338 2104 3364 ,
2152 3310 2375 3370 neque
2420 3290 2594 3352 ratio

416 3421 552 3482 qua
607 3413 879 3464 senatus
924 3403 1380 3483 pervicaciam
1426 3402 1667 3466 vicerit
1684 3452 1699 3478 ,
1740 3385 2026 3466 vferendo
2074 3405 2162 3466 ad
2206 3404 2485 3486 plebem
2501 3453 2515 3479 ,
2564 3424 2605 3465 a

413 3515 752 3597 Scipionis
821 3518 1118 3580 moribus
1188 3519 1414 3580 aliena
1482 3528 1643 3581 erat.
1717 3518 1839 3581 >At
1896 3519 2058 3600 quid
2119 3520 2205 3581 de
2265 3519 2601 3581 Flaminio

413 3633 789 3715 Polybius?
856 3634 924 3695 Is
941 3682 956 3708 ‚
1004 3634 1099 3696 ait
1115 3682 1128 3708 ,
1176 3634 1461 3696 instituit
1505 3634 1696 3696 illam
1741 3613 2155 3716 potestatem
2199 3636 2602 3717 popularem

417 3746 864 3832 (δημαγωγίαν
920 3752 1030 3812 καὶ
1080 3746 1446 3831 πολιτείαν)
1492 3730 1669 3832 quae
1715 3760 1792 3813 ut
1834 3752 2029 3813 brevi
2075 3751 2297 3814 dicam
2343 3751 2604 3814 initium

416 3863 542 3927 fuit
603 3866 938 3928 Romanis
999 3866 1293 3929 civitatis
1356 3846 1735 3947 corruptae·
1757 3861 1817 3947 1).
1908 3865 2081 3928 Eam
2142 3867 2373 3948 legem
2433 3866 2604 3928 adeo

506 4143 546 4225 ¹)
587 4146 649 4201 P.
717 4147 796 4203 ΙΙ.
859 4164 912 4203 5.
975 4163 1044 4204 21
1106 4152 1134 4217 ξ
1192 4147 1249 4204 8.
1332 4145 1405 4205 Id
1460 4144 1747 4206 iudicium
1789 4145 1867 4205 de
1905 4144 2195 4206 Flaminio
2237 4130 2317 4205 ad
2356 4144 2609 4205 Fabium

413 4244 602 4304 refero
617 4267 632 4318 3
664 4243 780 4305 ubi
819 4243 879 4302 in
921 4245 1096 4304 rebus
1136 4243 1359 4304 bellicis
1400 4243 1757 4303 Flaminium
1798 4243 2120 4321 vituperat,
2164 4243 2226 4303 id
2268 4254 2430 4304 certe
2472 4243 2610 4305 fecit

412 4342 598 4404 Fabio
639 4354 885 4404 auctore
901 4389 916 4418 ,
959 4345 1037 4403 II.
1083 4365 1157 4421 33
1201 4352 1229 4416 ς
1275 4361 1327 4419 7.
1391 4344 1562 4404 Idem
1602 4342 1890 4404 iudicium
1931 4346 2007 4404 de
2048 4345 2261 4405 eodem
2290 4346 2398 4403 111.
2429 4365 2481 4404 5.
2510 4346 2606 4405 80.
