3375 5084
1384 354 1496 412 131

352 522 564 584 solum
627 533 974 586 auctorem
1036 535 1308 605 praeter
1367 526 1724 590 Romanos
1785 530 2125 590 annalium
2170 521 2531 611 scriptores

348 637 637 719 Polybio
682 638 905 702 fuisse.
988 637 1130 704 Sed
1177 641 1380 703 etiam
1429 642 1598 704 alios
1648 644 1712 705 ei
1757 642 1961 706 fuisse
2007 664 2230 706 rerum
2276 645 2531 708 Hanni-

346 753 516 817 balis
562 765 875 818 auctores
921 766 1207 837 apparet
1252 778 1307 820 e.
1360 778 1442 820 20
1456 807 1470 833 ,
1520 757 1872 822 Chaerean
1915 770 1984 823 et
2022 757 2340 842 Sosylum
2371 761 2530 825 Lac.

347 868 481 933 Eos
528 871 803 951 quidem
849 892 933 934 eo
980 873 1135 936 loco
1182 874 1430 937 acerbe
1477 875 1832 956 vituperat.
1904 872 2044 939 Sed
2089 877 2256 938 talia
2280 878 2531 940 addere

344 986 519 1049 solet
576 988 651 1050 P.
715 988 784 1050 in
844 1008 1038 1051 usum
1100 990 1392 1071 imperiti
1438 990 1743 1066 lectoriS‚
1790 992 1904 1073 qui
1950 1012 2103 1055 cum
2150 993 2531 1056 discernere

341 1122 475 1164 non
546 1105 760 1185 possit
836 1106 998 1187 quid
1065 1126 1303 1168 verum
1372 1108 1458 1169 sit
1526 1108 1690 1189 quid
1756 1109 1974 1172 minus
2043 1107 2241 1171 facile
2302 1130 2344 1172 a
2411 1111 2532 1172 tali

342 1221 669 1302 scriptore
751 1201 979 1303 decipi
1050 1224 1264 1305 possit
1281 1272 1294 1298 ,
1371 1243 1508 1286 non
1582 1225 1747 1288 dicit
1818 1227 2043 1289 omnia
2109 1225 2281 1288 falsa
2349 1247 2499 1289 esse
2516 1276 2559 1302 ,,

340 1357 561 1418 neque
614 1359 688 1400 se
734 1338 957 1419 ipsum
1002 1358 1136 1401 non
1182 1339 1517 1402 interdum
1564 1340 1820 1422 aliquid
1866 1343 2048 1423 quod
2094 1342 2192 1404 illi
2238 1343 2529 1405 tradide-

341 1462 492 1515 rant
537 1456 1054 1535 comprobasse;
1102 1456 1322 1537 ipsum
1370 1457 1574 1519 etiam
1622 1454 1928 1521 Silenum
1975 1458 2070 1520 ait
2099 1455 2527 1543 ψευδολογεῖν

342 1574 452 1633 καὶ
501 1574 834 1656 μαχόμενα
882 1576 1153 1655 γράφειν
1202 1572 1278 1654 (e.
1327 1572 1449 1653 47).
1540 1571 1810 1635 Deinde
1856 1573 1926 1635 in
1969 1575 2172 1636 rebus
2203 1573 2532 1637 Romanis

339 1706 423 1748 eo
480 1687 636 1750 loco
696 1699 1092 1752 erraverunt
1139 1687 1257 1752 Ch.
1305 1699 1376 1751 et
1421 1686 1601 1763 Sos.;
1650 1709 1813 1751 sane
1861 1687 2146 1771 Sosylus
2190 1711 2298 1752 res
2344 1691 2531 1753 Han-

335 1802 581 1865 nibalis
642 1804 884 1867 melius
947 1805 1355 1887 cognovisse
1415 1806 1651 1887 potuit.
1746 1804 1926 1886 Quid
1988 1805 2198 1889 igitur
2242 1807 2311 1868 in
2356 1807 2530 1869 libro

335 1918 458 1982 III.
520 1920 595 2002 (c.
661 1919 968 2002 61—fin.)
1031 1919 1263 1986 Sileno
1282 1970 1296 1996 ,
1354 1922 1516 2003 quid
1564 1920 1911 1985 Chaereae
1957 1923 2071 1985 vel
2120 1920 2368 2004 Sosylo
2416 1923 2529 1985 vel

335 2036 454 2099 alii
500 2037 763 2100 auctori
805 2058 943 2100 non
989 2036 1309 2100 Romano
1356 2039 1787 2102 tribuendum
1833 2039 1918 2102 sit
1962 2058 2201 2119 parum
2234 2049 2527 2114 constat;

332 2173 418 2215 ne
483 2153 612 2216 hoc
676 2153 950 2235 quidem
996 2163 1261 2217 constat
1308 2156 1533 2217 omnia
1579 2158 1755 2236 quae
1802 2154 2034 2217 Livius
2080 2156 2326 2225 eodem
2371 2176 2528 2218 auc-

336 2279 489 2332 tore
553 2270 841 2333 -tradidit
918 2271 1004 2333 de
1080 2272 1284 2333 rebus
1359 2270 1765 2336 Hannibalis
1782 2320 1795 2346 ‚
1874 2269 2088 2335 Sileni
2157 2292 2338 2346 esse;
2409 2273 2531 2334 sed

337 2387 603 2449 etiamsi
662 2388 792 2451 hoc
855 2387 1075 2469 magis
1120 2388 1477 2468 probabile
1525 2388 1897 2451 videretur:
1945 2388 2274 2470 Polybius
2320 2389 2525 2451 etiam

331 2523 545 2584 saepe
606 2524 649 2565 a
708 2503 886 2566 Livii
945 2504 1307 2567 traditione
1367 2502 1669 2567 deflectit
1690 2552 1703 2578 ,
1752 2504 1958 2566 etiam
2004 2506 2341 2585 quaedam
2387 2504 2528 2566 edit

331 2638 514 2700 quae
560 2617 793 2681 Livius
838 2639 975 2681 non
1017 2620 1223 2682 novit.
1296 2619 1586 2701 Aliquot
1631 2640 1670 2682 e
1717 2620 1948 2682 multis
1995 2620 2318 2700 exempla
2363 2617 2525 2681 affe-

328 2753 509 2795 ram:
573 2719 904 2815 Polybius
959 2735 1164 2798 tradit
1209 2734 1328 2798 ΠΙ.
1378 2756 1455 2807 e.⁴
1487 2755 1562 2815 77
1614 2736 1693 2817 (a.
1746 2755 1777 2796 2
1796 2757 1817 2797 1
1837 2755 1868 2814 7
1920 2745 2077 2797 ante
2124 2735 2525 2797 Trasumen-

330 2850 515 2931 num)
562 2850 1024 2914 Hannibalum
1070 2852 1292 2915 socios
1338 2851 1809 2915 Romanorum
1858 2862 2094 2933 captos
2129 2852 2273 2914 sine
2304 2852 2523 2932 pretio

332 2968 616 3030 domum
684 2967 961 3030 misisse.
1051 2967 1171 3030 IH.
1240 2988 1294 3030 e.
1360 2972 1443 3030 86
1507 2973 1538 3044 ἓ
1611 2990 1632 3029 1
1657 2989 1677 3029 1
1751 2967 1829 3049 (a.
1895 2987 2016 3047 217
2083 2968 2315 3048 paullo
2372 2977 2527 3049 post

335 3083 897 3164 Trasumennum)
986 3093 1213 3145 narrat
1294 3082 1752 3145 Hannibalem
1828 3082 1984 3144 odio
2061 3081 2528 3144 Romanorum

333 3199 614 3280 capitali
658 3209 915 3290 motum
961 3199 1285 3262 militibus
1319 3199 1455 3262 suis
1490 3199 1786 3263 edixisse
1818 3208 2151 3265 ut,omnes
2174 3196 2527 3259 Romanos

332 3315 751 3403 trucidarent
819 3335 988 3397 quos
1054 3334 1181 3395 per
1240 3315 1422 3377 viam
1483 3324 1807 3403 caperent
1861 3306 1942 3395 ¹).
2032 3313 2228 3376 Haec
2294 3312 2527 3389 Livius

333 3431 580 3494 XXII.
644 3451 712 3513 c„
764 3453 802 3510 9
860 3451 997 3493 non
1041 3432 1247 3494 tradit
1286 3431 1360 3512 2);
1405 3451 1627 3512 neque
1674 3430 1895 3512 magis
1941 3450 2118 3510 quae
2166 3429 2354 3492 addit
2397 3428 2526 3490 Po-

424 3673 464 3755 ¹)
505 3675 606 3735 Ad
648 3676 823 3754 longe
864 3674 1159 3735 diversam
1202 3674 1581 3736 traditionem
1623 3675 1920 3752 pertinent
1947 3693 2141 3752 nugae
2171 3693 2318 3750 quas
2341 3670 2522 3731 tradit

324 3774 526 3845 Livius
580 3776 805 3853 XXIII.
867 3795 919 3835 c.
985 3793 1016 3852 5
1078 3773 1140 3832 in
1182 3773 1448 3834 oratione
1490 3774 1746 3834 consulis
1788 3771 2078 3842 Romani,
2122 3771 2522 3831 Hannibalem

308 3884 538 3952 'pontes
580 3884 639 3934 et
681 3875 865 3934 moles
907 3893 981 3933 ex
1021 3874 1420 3933 humanorum
1463 3893 1786 3951 corporum
1827 3884 1988 3933 strue
2030 3870 2328 3931 faciendas
2358 3890 2525 3929 cura-

324 3972 510 4047 visse,
554 3983 613 4033 et
653 3972 866 4033 milites
909 3991 1046 4033 suos
1086 3972 1244 4033 vesci
1286 3972 1637 4050 corporibus
1677 3972 1948 4032 humanis
1991 3969 2283 4032 docuisse.

412 4069 463 4152 2)
504 4070 703 4131 Etiam
747 4070 1068 4131 certissime
1111 4070 1370 4131 ostendit
1410 4071 1507 4130 hic
1547 4072 1716 4132 locus
1757 4070 1989 4132 Livium
2030 4090 2152 4130 non
2193 4089 2226 4129 e
2268 4065 2517 4145 Polybio

325 4170 588 4230 hausisse
653 4190 805 4247 quae
867 4190 1006 4231 cum
1041 4190 1131 4231 ‘eo
1188 4170 1576 4245 conveniant,
1633 4171 1740 4230 sed
1795 4172 2174 4229 communem
2219 4166 2523 4243 utriusque
2622 4158 2627 4163 ’

327 4268 662 4330 traditionis
717 4271 940 4330 fontem
997 4269 1202 4329 fuisse:
1253 4268 1452 4330 Livius
1493 4272 1688 4329 XXII.
1732 4290 1784 4329 c.
1827 4289 1863 4346 9
1900 4271 2019 4329 fere
2062 4268 2285 4328 eisdem
2324 4265 2519 4327 verbis

327 4368 543 4445 quibus
603 4370 728 4429 PoL
792 4390 844 4429 c.
911 4371 987 4428 86
1052 4371 1151 4427 fin.
1214 4389 1265 4429 c,
1333 4370 1409 4429 88
1464 4368 1609 4429 iter·
1637 4369 1714 4429 ab
1771 4367 2107 4428 Hannibale
2148 4387 2222 4426 ex
2267 4364 2520 4427 Umbria
