3375 5084
1888 318 1971 393 46

937 509 1078 573 Sed
1151 509 1352 572 Plato
1422 530 1504 570 eo
1576 510 1961 571 accuratius
2031 509 2175 590 egit
2241 504 2534 590 Polybio
2603 511 2784 591 quod
2850 509 3026 571 illud

846 625 1174 706 optimum
1234 644 1428 686 suum
1489 624 1904 705 reipublicae
1950 644 2169 706 genus
2215 625 2420 688 etiam
2464 625 2820 689 inseruerit
2874 625 3027 687 orbi

841 741 1515 822 rerumpublicarum,
1576 739 1906 822 Polybius
1953 749 2189 803 contra
2234 740 2561 822 optimum
2607 741 3027 822 reipublicae

841 876 1062 938 genus
1124 857 1361 939 (genus
1421 854 1731 936 mixtum)
1794 876 1884 918 ex
1945 876 2029 918 eo
2094 857 2240 919 orbi
2288 866 2359 919 et
2403 866 2591 919 motu
2636 857 3024 919 excluserit.

927 972 1038 1035 Ex
1081 973 1187 1034 his
1232 972 1813 1035 recordationibus
1842 972 2315 1054 philosophiae
2346 972 2669 1047 Platonis,
2700 972 3024 1035 admixtis

838 1090 974 1152 suis
1044 1089 1474 1171 opinionibus
1491 1138 1505 1164 ,
1574 1089 1905 1170 Polybius
1973 1089 2182 1171 igitur
2242 1088 2513 1152 efficere
2577 1099 2858 1152 conatus
2918 1098 3026 1151 est

842 1205 1216 1267 doctrinam
1270 1206 1568 1287 aliquam
1613 1205 1703 1267 de
1750 1205 2396 1299 rerumpublicarum
2443 1215 2630 1268 motu
2648 1254 2662 1281 ‚
2710 1225 2885 1285 quae
2932 1205 3026 1266 ad

839 1340 1047 1402 remp.
1117 1320 1321 1382 Rom.
1392 1320 1703 1402 adaptari
1772 1329 2024 1401 posset.
2116 1319 2313 1383 Haec
2374 1321 2661 1383 imitatio
2717 1320 3028 1386 Platonis

838 1436 1299 1516 imprudenter
1353 1434 1536 1498 facta
1589 1435 2014 1517 aliquatenus
2061 1435 2408 1516 explicare
2453 1444 2682 1516 potest
2726 1435 2841 1516 qui
2886 1433 3026 1496 fac-

842 1560 987 1613 tum
1041 1551 1128 1613 sit
1172 1561 1248 1614 ut
1291 1552 1623 1633 Polybius
1668 1560 1811 1614 tam
1856 1551 2068 1633 longe
2113 1551 2360 1614 invitus
2407 1571 2448 1612 a
2492 1551 2779 1613 veritate
2825 1551 3021 1612 aber-

839 1667 1108 1730 raverit.

928 1783 1009 1845 In
1071 1781 1457 1847 Arzls‘totelz‘s
1518 1783 1709 1846 libris
1771 1783 2085 1865 legendis
2130 1802 2368 1864 parum
2415 1802 2665 1863 operae
2711 1782 3023 1864 posuisse

839 1899 1204 1981 Polybium
1248 1900 1385 1962 iam
1432 1920 1524 1962 ex
1567 1899 1673 1962 his
1719 1899 1882 1962 satis
1915 1909 2216 1980 apparet.
2270 1898 2432 1961 Eius
2460 1908 2689 1981 partes
2721 1899 3025 1979 suscepit

847 2025 1082 2078 contra
1140 2016 1494 2078 Timaeum
1556 2015 1642 2076 de
1705 2014 1969 2096 origine
2026 2015 2211 2077 urbis
2256 2014 2627 2077 Locrorum
2671 2014 3025 2094 disputans

845 2130 1025 2212 (ὶζΠ.
1075 2151 1129 2192 C.
1181 2131 1433 2211 5—12).
