3375 5084
1372 332 1450 387 93

321 505 624 567 crederet
691 503 1021 565 invasioni
1093 502 1447 567 Gallorum
1518 513 1588 566 et
1649 503 2143 585 oppugnationi
2176 504 2507 578 ‚Romae,

200 656 204 659 ·
318 620 504 682 illum
550 639 799 681 annum
846 618 1194 681 constituit
1245 619 1297 699 ¹).

397 736 477 797 In
550 734 747 797 brevi
816 734 1212 797 recensione
1288 733 1627 797 bellorum
1699 712 2081 797 Gallorum·
2121 753 2325 814 quam
2394 734 2511 795 dat

316 850 644 932 Polybius
713 870 769 912 e.
850 855 924 912 18
998 855 1029 926 ἓ
1097 869 1130 927 5
1199 887 1280 893 —
1346 870 1402 912 c.
1470 869 1541 911 21
1615 869 1820 930 quam
1881 869 2119 930 parum
2180 869 2384 911 curae
2447 850 2512 910 ei

313 966 511 1029 fuerit
588 966 894 1029 ordinem
970 965 1297 1047 temporis
1372 976 1688 1029 accurate
1769 964 2048 1028 definire
2122 965 2228 1027 his
2303 966 2506 1027 rebus

315 1081 699 1163 praemissis
748 1081 1125 1163 apparebit.

402 1197 472 1260 C.
546 1220 621 1277 19
671 1203 701 1273 5
752 1202 971 1260 8—-10
1017 1205 1349 1260 memorat
1393 1196 1723 1278 Polybius
1771 1197 2195 1259 obsidionem
2254 1196 2510 1259 Arretii

315 1315 468 1376 anni
541 1319 663 1391 285
684 1363 698 1389 ,
768 1323 1059 1376 mortem
1127 1313 1203 1376 L.
1265 1312 1545 1377 Caecilii
1589 1314 1956 1395 praetoris,
2004 1334 2206 1395 quam
2261 1312 2510 1376 factam

315 1451 463 1493 esse
528 1430 977 1513 cognovimus
1041 1450 1099 1492 a.
1169 1435 1294 1508 284
1359 1450 1416 1492 a.
1482 1429 1570 1504 C„
1635 1440 1707 1493 et
1753 1429 2062 1494 Senones
2109 1430 2509 1492 debellatos,

313 1546 439 1609 His
486 1547 676 1610 addit
722 1553 753 1624 5
810 1568 919 1609 12:
970 1549 1059 1622 εἷς
1107 1550 1187 1627 ἢν
1239 1547 1482 1632 (χώραν
1532 1547 1894 1629 Σηνὼνων)
1943 1549 2051 1609 καὶ
2092 1549 2356 1631 πρώτην
2400 1555 2509 1628 τῆς

313 1661 660 1738 Γαλατίας
709 1663 1024 1730 ἀποικίαν
1076 1663 1374 1731 ἔστειλαν
1420 1671 1536 1745 τὴν
1587 1672 1818 1750 Σήνην
1866 1666 2508 1748 προςαγορευομένην

312 1777 542 1863 πόλιν,
606 1760 949 1861 όμῶνυμον
1015 1774 1213 1846 οὖσαν
1280 1786 1415 1855 τοῖς
1480 1783 1794 1864 πρότερον
1859 1781 2064 1861 αὐτὴν
2139 1789 2509 1845 κατοικοῦσι

314 1893 682 1972 Γαλάταις.
775 1896 1009 1959 Livius
1074 1906 1303 1959 autem
1364 1896 1547 1979 (peri.
1612 1896 1744 1978 XI)
1807 1897 1902 1960 ait
1973 1895 2336 1971 „Coloniae
2402 1897 2514 1958 de-

313 2013 558 2075 ductae
636 2021 791 2074 sunt
867 2011 1179 2075 Castrum
1198 2061 1212 2087 ‚
1292 2010 1471 2077 Sena
1490 2061 1504 2086 ,
1581 2011 1880 2074 Hadria''
1897 2061 1911 2086 ,
2001 2012 2110 2074 cui
2191 2012 2290 2074 rei
2360 2031 2514 2074 cum

311 2128 634 2209 deinceps
702 2127 1045 2191 subiectus
1107 2128 1195 2191 sit
1255 2148 1496 2191 census
1561 2128 1719 2190 anni
1791 2133 1917 2207 289
1938 2175 1952 2202 ,
2024 2137 2289 2190 constat
2361 2148 2514 2189 eam

309 2244 648 2308 coloniam
716 2265 800 2307 eo
872 2265 1049 2307 anno
1119 2245 1395 2308 ductam
1465 2263 1615 2307 esse
1640 2293 1655 2319 ‚
1728 2237 2023 2326 quin‘que
2093 2244 2283 2306 annis
2352 2253 2511 2306 ante

309 2361 656 2424 interitum
716 2360 1063 2425 Senonum
1104 2362 1165 2443 2).
1259 2360 1462 2443 Quod
1506 2381 1642 2423 non
1690 2361 1926 2424 dubito
1975 2360 2135 2441 quin
2181 2360 2511 2442 Polybius

308 2478 517 2540 etiam
586 2478 880 2542 voluerit
898 2527 913 2553 ‚
983 2480 1107 2541 sed
1167 2477 1326 2559 quia
1389 2477 1725 2540 coloniam
1787 2475 2040 2540 Senam
2104 2478 2378 2539 ductam
2424 2478 2513 2539 ad

306 2593 568 2655 bellum
613 2594 1000 2673 proximum
1047 2603 1283 2656 contra
1327 2592 1537 2655 Boios
1583 2594 1962 2674 gerendum
2008 2592 2083 2674 (c.
2136 2594 2269 2674 20),
2321 2592 2511 2655 cuius

308 2709 427 2772 illa
495 2710 1002 2774 incitamentum
1064 2711 1408 2792 quoddam
1452 2710 1608 2783 fuit,
1655 2711 1926 2772 trahere
1973 2709 2212 2772 maluit
2230 2757 2244 2783 ‚
2291 2708 2510 2790 primo

306 2826 463 2890 loco
527 2827 825 2890 narravit
879 2829 1223 2908 quomodo
1273 2827 1557 2890 extincti
1604 2836 1833 2889 essent
1879 2824 2187 2889 Senones
2205 2875 2219 2900 ,
2268 2825 2512 2888 deinde

309 2942 621 3005 coloniae
702 2943 1116 3006 mentionem
1192 2943 1380 3006 inicit
1397 2992 1411 3017 ‚
1479 2963 1721 3025 parum
1790 2952 2092 3005 moratus
2161 2943 2345 3023 quod
2414 2942 2510 3004 ita

308 3060 617 3122 ordinem
678 3059 1004 3141 temporis
1066 3060 1297 3141 specie
1359 3070 1683 3136 mutaret,
1733 3080 1935 3141 quem
1982 3059 2325 3141 integrum
2370 3078 2506 3120 ser-

313 3196 478 3238 vare
525 3196 766 3257 parum
813 3196 1015 3239 curae
1053 3154 1128 3238 ‘ei
1174 3186 1336 3239 erat.

401 3291 642 3354 Multis
705 3291 854 3354 aliis
918 3292 1087 3355 locis
1135 3302 1421 3373 apparet
1437 3341 1451 3366 ,
1499 3301 1884 3373 temporum
1928 3291 2260 3354 rationem
2305 3290 2512 3371 Poly-

315 3407 430 3470 bio
495 3407 771 3470 levioris
827 3408 1152 3475 momenti
1197 3408 1415 3470 visam
1462 3428 1645 3482 esse;
1695 3427 1847 3470 eam
1895 3407 2203 3469 adhibuit
2248 3414 2510 3468 tantum

310 3533 384 3586 ut
448 3533 728 3586 caveret
786 3543 873 3585 ne
934 3524 1360 3605 perturbatio
1422 3543 1647 3589 rerum
1713 3532 2018 3585 oreretur
2064 3521 2178 3584 vel
2225 3531 2299 3584 ut
2346 3541 2511 3603 cog-

313 3648 711 3702 nosceretur
772 3639 934 3720 quid
996 3641 1180 3721 apud
1240 3640 1466 3702 varios
1526 3639 1821 3721 populos
1880 3638 2076 3700 simul
2139 3637 2509 3699 accidisset.

316 3753 541 3836 Quem
605 3776 856 3819 annum
913 3756 1097 3819 urbis
1145 3757 1459 3820 conditae
1504 3756 1827 3837 praetulit
1842 3804 1856 3830 ‚
1902 3755 2085 3817 haud
2131 3746 2511 3836 quadrabat

397 4051 440 4133 ¹)
483 4054 634 4113 Fere
676 4052 836 4114 idem
880 4053 1146 4115 Niebuhr
1189 4056 1365 4114 Rom.
1410 4054 1628 4114 Gesch.
1673 4054 1751 4112 ΙΙ.
1797 4073 1853 4129 p.
1901 4056 2037 4129 625.

386 4150 438 4233 2)
483 4153 741 4213 Necesse
784 4152 943 4212 enim
985 4173 1112 4213 esse
1154 4173 1276 4213 non
1318 4162 1466 4231 puto
1511 4163 1576 4213 ut
1617 4150 1913 4213 coloniam
1942 4151 2155 4209 Senam
2186 4149 2510 4209 deductam

310 4270 437 4310 esse
504 4261 831 4312 statuamus
887 4262 1024 4330 post
1081 4253 1340 4313 Senones
1396 4254 1621 4312 deletos
1639 4299 1654 4327 ‚
1710 4260 1776 4310 ut
1830 4248 2137 4310 contendit
2177 4248 2351 4308 Niese
2391 4248 2429 4308 1.
2471 4249 2511 4306 1.

307 4370 364 4426 p.
413 4368 529 4426 405
578 4372 636 4410 n.
689 4371 739 4410 1.
