3375 5084
1363 337 1483 394 149

333 510 601 590 Ubique
647 518 934 591 apparet
952 556 966 583 ,
1015 509 1161 571 eius
1205 507 1527 571 iudicium
1574 509 1661 571 de
1694 506 2016 590 Scipione
2048 509 2260 572 latum
2288 509 2512 573 studio

303 636 400 693 *et
444 645 672 688 amore
720 625 1149 706 aliquatenus
1196 634 1636 688 occaecatum
1679 623 1902 688 fuisse.

777 795 950 923 m.
1056 851 1345 924 Aratus
1414 855 1494 922 et
1558 850 2055 943 Phylarchus.

817 972 940 1037 ,IL
1000 993 1054 1036 c.
1106 992 1402 1053 43——713
1449 972 1535 1035 V.
1583 992 1639 1036 c.
1691 992 1970 1053 35—39.

412 1203 671 1267 Aratus
729 1201 1091 1286 Sicyonius
1147 1224 1470 1288 magnam
1526 1214 1795 1286 partem
1839 1222 2065 1268 rerum
2109 1205 2238 1269 sibi
2283 1216 2509 1289 gesta-

326 1340 472 1383 rum
557 1320 924 1383 memoriae
999 1320 1276 1384 tradidit
1291 1369 1306 1397 ,
1388 1330 1459 1384 et
1528 1341 1682 1383 eam
1752 1321 2026 1402 quidem
2094 1322 2278 1385 vitae
2347 1342 2510 1385 suae

323 1446 588 1518 partem
670 1437 1307 1500 commentariorum
1385 1421 1909 1522 (ὑπομνὴμάτωμ)
1978 1438 2167 1501 libris
2233 1438 2511 1521 triginta

323 1552 614 1634 amplius
653 1546 696 1633 1)
762 1552 1129 1616 illustravit
1142 1601 1157 1628 ‚
1227 1573 1404 1634 quae
1468 1553 1851 1616 continetur
1909 1553 2100 1616 annis
2162 1574 2193 1615 2
2206 1574 2240 1631 5
2257 1575 2279 1615 1
2308 1603 2322 1629 ,
2371 1574 2507 1636 quo

322 1665 690 1750 Sicyonem
735 1687 777 1730 a
822 1677 1111 1750 tyranno
1156 1667 1439 1732 Nicocle
1485 1668 1846 1732 liberatam
1890 1668 2151 1733 foederi
2196 1668 2506 1734 Achaico

320 1785 657 1860 adiunxit,
705 1794 774 1848 et
819 1786 1276 1866 sequentibus.
1348 1784 1516 1868 Quis
1563 1806 1780 1849 annus
1826 1786 1890 1849 ei
1938 1795 2284 1849 extremus
2306 1786 2510 1850 fuerit

319 1904 385 1966 in
447 1903 948 1966 commentariis
1007 1924 1143 1967 non
1203 1904 1409 1985 plane
1471 1913 1756 1967 constat.
1847 1902 2178 1986 Polybius
2234 1903 2508 1984 quidem

316 2038 559 2101 parum
621 2029 938 2085 accurate
999 1994 1308 2102 tempore
1371 2018 1650 2083 definito
1667 2068 1682 2095 ,
1743 2019 1840 2083 ait
1884 2040 1959 2082 se
2005 2019 2346 2083 scribendi
2389 2019 2509 2082 ini-

317 2136 485 2199 tium
552 2134 794 2199 fecisse
864 2137 952 2199 ab
1016 2135 1286 2218 Olymp.
1358 2159 1379 2198 1
1397 2158 1480 2214 40
1496 2184 1512 2212 ‚
1584 2146 1655 2200 et
1700 2156 1809 2199 res
1853 2136 1924 2198 in
1969 2156 2052 2199 ea
2099 2135 2509 2218 Olympiade

316 2261 553 2334 gestas
612 2252 961 2334 proximas
1024 2273 1175 2316 esse
1236 2253 1317 2315 iis
1379 2273 1547 2335 quas
1605 2251 1865 2315 Aratus
1921 2252 2393 2334 conscripserit
2431 2252 2506 2334 ²);

318 2378 386 2432 et
454 2370 689 2450 paullo
757 2379 915 2452 post
975 2370 1071 2433 ait
1131 2390 1205 2433 se
1266 2369 1667 2433 traditurum
1730 2389 1882 2432 esse
1943 2389 2053 2431 res
2115 2389 2290 2451 quae
2350 2378 2508 2451 post

314 2483 653 2567 Antigoni
671 2534 686 2561 ,
748 2482 1054 2561 Seleuci,
1116 2485 1496 2549 Ptolemaei
1563 2495 1853 2548 mortem
1898 2484 2300 2560 acciderint,
2347 2484 2508 2566 quia

317 2601 500 2664 circa
544 2601 677 2664 hoc
723 2612 993 2683 tempus
1037 2601 1296 2665 Aratus
1342 2601 1680 2664 scribendi
1725 2598 1930 2664 finem
1974 2599 2212 2663 fecerit
2242 2600 2302 2682 ³).
2365 2597 2507 2664 Sed

312 2717 434 2781 vix
482 2718 716 2794 credo,
763 2738 1069 2802 pugnam
1114 2720 1203 2781 ad
1250 2716 1613 2783 Sellasiam
1658 2727 1932 2800 gestam
1979 2718 2069 2781 ab
2099 2715 2320 2780 Arato
2353 2736 2504 2779 esse

314 2835 727 2916 descriptam
744 2883 758 2909 ,
828 2834 1091 2898 etiamsi
1160 2855 1317 2898 eum
1381 2855 1628 2897 annum
1692 2833 1819 2917 (Ol.
1893 2857 1914 2896 1
1930 2855 2032 2914 39.
2098 2834 2157 2915 4)
2217 2831 2504 2896 fortasse

311 2951 489 3014 libro
536 2972 660 3014 suo
706 2952 1027 3035 attigerit.
1096 2950 1296 3035 Hanc
1340 2971 1646 3034 pugnam
1693 2951 1872 3015 enim
1918 2949 2249 3032 Polybius
2287 2950 2499 3012 ubere

312 3068 657 3132 enarravit
673 3117 687 3144 ,
751 3078 987 3132 contra
1047 3089 1131 3131 ea
1177 3088 1354 3150 quae
1402 3069 1536 3131 iam
1582 3078 1787 3132 antea
1831 3067 2089 3131 Aratus
2133 3066 2501 3130 memoriae

311 3184 688 3248 tradiderat
703 3233 718 3260 ‚
775 3184 1077 3248 breviter
1131 3204 1529 3267 percurrere
1575 3185 1753 3248 solet
1770 3233 1785 3259 ,
1835 3194 1904 3247 et
1946 3183 2142 3246 brevi
2187 3203 2261 3245 se
2307 3183 2503 3245 abso-

313 3301 613 3366 luturum
661 3322 812 3365 esse
859 3302 1131 3384 saepius
1177 3304 1413 3366 statuit
1449 3302 1512 3384 ⁴).
1581 3301 1841 3365 Aratus
1885 3310 1962 3364 ut
2005 3309 2247 3363 natura
2280 3300 2503 3382 magis

311 3419 401 3481 ad
480 3428 697 3481 artem
771 3418 1123 3500 politicam
1200 3438 1404 3500 quam
1473 3419 1562 3481 ad
1624 3419 1985 3481 militarem
2054 3426 2255 3498 aptus
2324 3425 2470 3478 erat
2486 3463 2500 3490 ,

312 3534 520 3597 etiam
580 3534 650 3596 in
714 3534 893 3597 libro
952 3555 1074 3598 suo
1136 3536 1340 3598 rebus
1397 3534 1797 3598 militaribus
1843 3543 1914 3597 et
1957 3552 2341 3615 pugnarum
2386 3532 2501 3594 de-

312 3650 791 3732 scriptionibus
849 3651 1173 3732 praetulit
1232 3671 1340 3714 res
1384 3651 1701 3733 politicas
1749 3650 2207 3732 explicandas,
2297 3646 2501 3729 Poly·

400 3972 444 4054 ¹)
498 3971 620 4033 Vit.
676 3971 849 4032 Arati
901 3983 1116 4051 poetae
1172 4010 1249 4018 —
1302 3972 1490 4035 Vitar.
1535 3972 1736 4052 script.
1781 3994 1865 4052 gr.
1910 3971 2033 4032 min
2093 3972 2505 4032 Westermann

308 4093 365 4149 P·
418 4089 511 4150 55·

392 4170 986 4252 2)P.1.c.3§2.

394 4268 445 4353 3)
485 4273 550 4331 P.
594 4272 697 4331 IV.
746 4293 777 4330 2
822 4279 850 4343 ἓ
898 4292 947 4332 1.

394 4369 444 4452 4)
484 4371 577 4429 Ex
619 4391 706 4449 gr.
748 4373 825 4429 H.
871 4392 947 4444 40
990 4379 1017 4444 ς
1060 4391 1112 4444 4.
