3375 5084
1404 390 1526 448 225

376 565 600 626 studio
647 563 823 626 Livii
871 564 1238 627 clarissime
1286 574 1573 645 apparet
1619 573 1945 644 quantum
1991 564 2344 626 annalibus
2367 585 2558 645 prae-

373 689 509 742 stet
552 679 918 768 Polybius,
967 680 1073 741 cui
1120 679 1388 761 quoties
1437 680 1837 742 dissentiunt
1868 679 2010 742 fere
2033 700 2314 761 semper
2344 680 2560 741 omnis

370 793 541 858 fides
608 796 926 858 habenda
993 804 1098 858 est
1140 793 1210 877 ¹);
1274 797 1480 858 etiam
1541 807 1828 877 apparet
1883 796 2165 858 annales
2218 796 2557 858 maximos

375 912 640 973 etiamsi
687 912 1088 993 cognoverit
1132 912 1464 993 Polybius
1480 961 1495 985 ,
1541 913 1629 974 ab
1677 933 1761 975 eo
1808 932 1944 974 non
1980 933 2131 975 esse
2164 913 2560 993 exscriptos

371 1027 528 1090 Non
574 1037 679 1090 est
722 1028 921 1090 huius
967 1028 1133 1101 loci,
1181 1028 1267 1090 de
1312 1029 1626 1090 omnibus
1672 1030 1878 1092 rebus
1924 1049 2134 1111 agere
2166 1048 2340 1109 quae
2370 1038 2558 1091 recte

376 1163 416 1203 e
462 1143 756 1225 Polybio
773 1192 786 1217 ,
833 1163 1194 1225 perperam
1241 1164 1332 1205 ex
1376 1144 1735 1207 annalibus
1768 1145 2097 1227 cognovit
2119 1143 2371 1206 Livius,
2420 1141 2562 1207 Sed

369 1258 500 1320 tria
545 1260 868 1340 exempla
911 1259 1206 1341 insignia
1250 1260 1314 1321 h.
1361 1259 1403 1321 1.
1451 1269 1777 1341 repetam.

462 1372 608 1436 Liv.
656 1373 939 1436 XXXI.
988 1394 1044 1437 c.
1102 1396 1312 1452 1-14
1360 1375 1445 1436 in.
1494 1376 1773 1437 annales
1819 1375 2151 1458 sequitur,
2198 1395 2254 1437 e.
2304 1379 2558 1452 14—-18

370 1489 737 1570 Polybium
798 1501 1074 1553 secutus
1136 1510 1373 1553 causas
1422 1500 1492 1553 et
1536 1491 1725 1554 initia
1770 1491 1939 1553 belli
1984 1490 2414 1554 Macedonici
2460 1510 2563 1552 se-

372 1605 576 1667 cundi
645 1607 979 1688 exposuit.
1086 1606 1280 1670 Haec
1350 1626 1509 1689 pars
1571 1608 1891 1671 convenit
1951 1628 2106 1670 cum
2164 1606 2565 1690 fragmentis

365 1921 654 1981 hunderts
696 1921 801 1981 der
843 1921 1015 1981 Stadt
1056 1920 1218 1982 einer
1260 1931 1537 2000 strengen
1577 1922 1897 1982 kritischen
1925 1924 2191 2001 Prufung
2219 1921 2567 1996 unterzieht‚

369 2039 436 2080 so
479 2019 706 2097 ergiebt
749 2020 873 2078 sich
914 2021 1056 2078 dasz
1100 2019 1184 2079 sie
1225 2019 1286 2079 in
1327 2022 1556 2080 Betreff
1589 2022 1695 2081 der
1737 2021 2132 2100 auswartigen
2167 2020 2572 2081 Verhaltnisse

367 2154 448 2162 —
491 2119 615 2178 und
656 2118 815 2179 diese
856 2119 1115 2179 nahmen
1156 2119 1516 2180 naturlicher
1557 2120 1749 2180 Weise
1792 2122 1910 2180 den
1939 2130 2208 2199 grossten
2236 2122 2435 2180 Raum
2460 2121 2566 2180 der

369 2217 634 2278 Chronik
673 2217 767 2277 ein
809 2254 889 2262 —
929 2218 1110 2278 kaurn
1152 2238 1290 2277 zum
1332 2219 1584 2278 zehnten
1625 2220 1771 2279 oder
1814 2219 2208 2297 zwanzigsten
2250 2217 2421 2278 Theil
2472 2220 2580 2278 auf

367 2315 670 2376 Wahrheit
711 2317 1032 2393 Anspruch
1074 2317 1324 2375 machen
1365 2317 1552 2390 kann,
1595 2317 1741 2376 kurz
1762 2363 1775 2389 ,
1822 2337 1972 2395 ganz
2017 2317 2436 2378 unbrauchbar
2476 2316 2569 2376 ist.

367 2413 766 2474 Hinsichtlich
807 2415 913 2475 der
954 2414 1197 2475 inneren
1239 2414 1596 2475 Geschichte
1638 2417 1828 2475 Roms
1871 2416 2046 2475 stand
2076 2435 2138 2475 es
2167 2417 2398 2476 besser:
2429 2434 2571 2474 man

366 2515 670 2591 begnugte
712 2513 837 2573 sich
853 2560 868 2587 ,
910 2512 1133 2572 freilich
1175 2512 1509 2591 nachlassig
1549 2532 1746 2591 genug
1763 2560 1777 2585 ‚
1821 2513 1918 2573 die
1959 2512 2212 2574 Notizen
2255 2513 2362 2573 des
2397 2514 2570 2572 Pont.

371 2613 538 2670 Max.
603 2611 1127 2672 abzuschreiben.”
1213 2611 1449 2672 Deinde
1512 2633 1570 2689 p.
1628 2632 1740 2689 91:
1799 2611 1936 2689 „die
1993 2613 2253 2690 Sprache
2304 2613 2411 2671 der
2452 2613 2572 2671 offi-

369 2708 575 2769 ciellen
641 2730 763 2769 war
826 2711 977 2770 eben
1038 2710 1120 2769 im
1177 2712 1335 2770 alten
1391 2712 1549 2772 Rom
1605 2711 1791 2788 grade
1847 2730 1913 2771 so
1970 2710 2105 2770 weit
2159 2730 2278 2771 von
2320 2711 2426 2769 der
2469 2711 2574 2769 des

370 2810 672 2887 gesunden
732 2810 1403 2869 Menschenverstandes
1457 2809 1848 2869 verschieden
1902 2809 2009 2869 wie
2063 2810 2206 2870 heut
2260 2830 2333 2868 zu
2387 2811 2571 2887 Tage.

371 2910 530 2966 Dasz
575 2906 657 2967 sie
701 2907 807 2967 der
850 2907 1156 2967 officiellen
1198 2906 1620 2967 Stadtchronik
1660 2908 1925 2967 entlehnt
1970 2908 2094 2967 und
2134 2928 2253 2967 von
2296 2905 2487 2966 dieser
2512 2906 2573 2965 in

371 3005 468 3065 die
528 3005 782 3080 Quellen
838 3007 944 3066 des
997 3005 1200 3066 Livius
1249 3008 1708 3084 ubergegangen
1748 3005 1825 3066 ist
1843 3053 1857 3081 ‚
1903 3005 2048 3066 wird
2090 3005 2433 3066 schwerlich
2473 3007 2575 3066 ab·

375 3104 664 3183 gewiesen
720 3106 956 3165 werden
1011 3106 1310 3165 konnen.”
1394 3103 1509 3185 (Ex
1563 3126 1650 3183 gr.
1708 3107 1930 3166 XXXI.
1977 3126 2012 3183 9
2055 3105 2430 3165 Ptolemaeus
2471 3123 2575 3163 rex

372 3203 636 3281 Aegypti
697 3204 981 3263 Senatum
1044 3203 1358 3264 certiorem
1419 3202 1562 3263 facit
1620 3202 1968 3263 iniuriarum
2029 3201 2487 3264 Atheniensibus
2540 3220 2578 3261 a

370 3301 648 3379 Philippo
691 3303 968 3362 datarum
982 3349 996 3377 ‚
1041 3312 1099 3362 et
1131 3321 1194 3362 se
1221 3312 1497 3379 paratum
1519 3322 1644 3362 esse
1666 3301 1811 3361 dicit
1834 3302 1913 3362 ad
1936 3301 2129 3362 socios
2151 3301 2574 3375 defendendOS,

375 3401 423 3461 si
486 3402 681 3478 placet
737 3400 1026 3462 Romanis
1082 3402 1199 3461 hoc
1255 3420 1471 3460 munus
1526 3400 1579 3460 ei
1635 3400 2040 3475 committere3
2100 3399 2323 3479 gratiae
2374 3398 2499 3478 regi
2540 3420 2577 3458 a

372 3499 592 3559 Senatu
650 3509 854 3570 actae,
913 3509 973 3559 et
1028 3518 1377 3576 responsum
1434 3498 1613 3557 tutari
1669 3498 1873 3558 socios·
1918 3499 2141 3576 populo
2195 3501 2474 3558 Romano
2516 3495 2577 3556 in

372 3591 575 3658 animo
616 3617 781 3657 esse:
826 3596 874 3657 si
915 3616 1035 3674 qua
1075 3617 1139 3657 re
1180 3598 1260 3657 ad
1300 3597 1363 3656 id
1405 3598 1625 3658 bellurn
1668 3616 1818 3674 opus
1862 3596 1966 3671 sit,
2012 3596 2376 3657 indicaturos
2417 3594 2576 3674 regi,

376 3705 436 3756 et
494 3716 554 3773 q.
598 3716 643 3756 S.
728 3698 821 3755 Ita
862 3694 1148 3774 Aegyptii
1188 3695 1504 3773 prohibere
1546 3694 1746 3755 conati
1790 3705 1925 3755 sunt
1968 3715 2042 3755 ne
2083 3694 2342 3756 Romani
2381 3693 2444 3753 in
2485 3713 2577 3753 res

373 3796 643 3855 Graecas
687 3814 749 3854 se
790 3794 1186 3868 insinuarent,
1230 3803 1290 3854 et
1332 3795 1532 3871 paullo
1573 3797 1711 3871 post
1751 3794 1925 3854 huius
1966 3793 2312 3872 temeritatis
2355 3811 2578 3869 poenas

374 3894 692 3955 dederunt.
776 3894 893 3953 Sed
958 3903 1086 3953 tum
1149 3891 1344 3971 specie
1405 3892 1608 3954 omnia
1664 3892 1959 3953 amicitiae
2013 3903 2073 3953 et
2128 3891 2351 3971 gratiae
2401 3891 2577 3969 plena

376 3991 590 4073 erant).

473 4090 514 4173 ¹)
558 4091 727 4151 Idem
768 4111 828 4169 p.
874 4111 951 4168 99
997 4092 1154 4167 „Fur
1197 4088 1295 4149 die
1337 4089 1539 4149 Kritik
1579 4109 1822 4149 unserer
1862 4091 2136 4150 Annalen
2178 4089 2310 4165 sind
2346 4087 2450 4147 wir
2480 4088 2587 4147 auf

375 4189 476 4250 die
542 4192 923 4268 Darstellung
986 4191 1090 4250 des
1151 4191 1217 4249 P.
1282 4188 1648 4267 angewiesen
1665 4236 1680 4264 ,
1747 4189 1853 4248 der
1916 4209 2086 4248 wenn
2138 4188 2304 4248 nicht
2360 4186 2578 4266 triftige

373 4288 628 4349 Grunde
683 4290 955 4367 dagegen
1004 4288 1303 4366 vorliegen
1320 4333 1335 4361 ,
1379 4287 1787 4365 unbedingten
1830 4288 2103 4347 Glauben
2144 4286 2323 4346 ihnen
2364 4305 2576 4364 gegen-

377 4389 527 4447 fiber
568 4387 898 4447 verdient.”

2346 4493 2410 4542 15
