<?xml version="1.0" encoding="UTF-8"?>
<!DOCTYPE html PUBLIC "-//W3C//DTD XHTML 1.0 Transitional//EN"
    "http://www.w3.org/TR/xhtml1/DTD/xhtml1-transitional.dtd">
<html xmlns="http://www.w3.org/1999/xhtml" xml:lang="en" lang="en">
 <head>
  <title>
</title>
<meta http-equiv="Content-Type" content="text/html;charset=utf-8" />
  <meta name='ocr-system' content='tesseract 3.04.00' />
  <meta name='ocr-capabilities' content='ocr_page ocr_carea ocr_par ocr_line ocrx_word'/>
</head>
<body>
  <div class='ocr_page' id='page_1' title='image "./depolybiifontib00wetegoog_0239.png"; bbox 0 0 3375 5084; ppageno 0'>
   <div class='ocr_carea' id='block_1_1' title="bbox 1482 381 1602 441">
    <p class='ocr_par' dir='ltr' id='par_1_1' title="bbox 1482 381 1602 441">
     <span class='ocr_line' id='line_1_1' title="bbox 1482 381 1602 441; baseline 0.008 -19"><span class='ocrx_word' id='word_1_1' title='bbox 1482 381 1602 441; x_wconf 88' lang='lat'>227</span> 
     </span>
    </p>
   </div>
   <div class='ocr_carea' id='block_1_2' title="bbox 441 554 2646 4463">
    <p class='ocr_par' dir='ltr' id='par_1_2' title="bbox 441 554 2646 4463">
     <span class='ocr_line' id='line_1_2' title="bbox 443 554 2630 637; baseline 0.001 -20"><span class='ocrx_word' id='word_1_2' title='bbox 443 575 645 635; x_wconf 92' lang='lat' dir='ltr'>posse</span> <span class='ocrx_word' id='word_1_3' title='bbox 715 564 1097 635; x_wconf 81' lang='lat' dir='ltr'>sperarent3</span> <span class='ocrx_word' id='word_1_4' title='bbox 1167 563 1324 635; x_wconf 88' lang='lat' dir='ltr'>post</span> <span class='ocrx_word' id='word_1_5' title='bbox 1392 554 1670 637; x_wconf 93' lang='lat' dir='ltr'>longam</span> <span class='ocrx_word' id='word_1_6' title='bbox 1743 556 2116 618; x_wconf 90' lang='lat' dir='ltr'>orationem</span> <span class='ocrx_word' id='word_1_7' title='bbox 2189 558 2482 620; x_wconf 91' lang='lat' dir='ltr'>consulis</span> <span class='ocrx_word' id='word_1_8' title='bbox 2545 558 2630 620; x_wconf 95' lang='lat' dir='ltr'>de</span> 
     </span>
     <span class='ocr_line' id='line_1_3' title="bbox 444 669 2631 752; baseline 0.001 -20"><span class='ocrx_word' id='word_1_9' title='bbox 444 670 707 751; x_wconf 90' lang='lat' dir='ltr'>Pyrrho</span> <span class='ocrx_word' id='word_1_10' title='bbox 774 680 844 733; x_wconf 89' lang='lat' dir='ltr'>et</span> <span class='ocrx_word' id='word_1_11' title='bbox 904 669 1291 732; x_wconf 82' lang='lat' dir='ltr'>Hannibale</span> <span class='ocrx_word' id='word_1_12' title='bbox 1355 670 1431 751; x_wconf 85' lang='lat' dir='ltr'>(e.</span> <span class='ocrx_word' id='word_1_13' title='bbox 1484 669 1541 751; x_wconf 94' lang='lat'>7)</span> <span class='ocrx_word' id='word_1_14' title='bbox 1588 671 1760 733; x_wconf 92' lang='lat' dir='ltr'>haec</span> <span class='ocrx_word' id='word_1_15' title='bbox 1807 691 1964 752; x_wconf 93' lang='lat' dir='ltr'>spes</span> <span class='ocrx_word' id='word_1_16' title='bbox 2011 691 2130 733; x_wconf 92' lang='lat' dir='ltr'>eos</span> <span class='ocrx_word' id='word_1_17' title='bbox 2175 692 2312 733; x_wconf 93' lang='lat' dir='ltr'>non</span> <span class='ocrx_word' id='word_1_18' title='bbox 2357 671 2599 734; x_wconf 90' lang='lat' dir='ltr'>fefellit</span> <span class='ocrx_word' id='word_1_19' title='bbox 2616 721 2631 747; x_wconf 92' lang='lat'>‚</span> 
     </span>
     <span class='ocr_line' id='line_1_4' title="bbox 446 786 2633 850; baseline 0 -1"><span class='ocrx_word' id='word_1_20' title='bbox 446 795 517 849; x_wconf 91' lang='lat' dir='ltr'>et</span> <span class='ocrx_word' id='word_1_21' title='bbox 582 786 843 848; x_wconf 93' lang='lat' dir='ltr'>bellum</span> <span class='ocrx_word' id='word_1_22' title='bbox 914 786 1261 848; x_wconf 87' lang='lat' dir='ltr'>decretum</span> <span class='ocrx_word' id='word_1_23' title='bbox 1333 795 1452 849; x_wconf 90' lang='lat' dir='ltr'>est.</span> <span class='ocrx_word' id='word_1_24' title='bbox 1524 823 1607 830; x_wconf 90' lang='lat'>—</span> <span class='ocrx_word' id='word_1_25' title='bbox 1672 786 1897 849; x_wconf 90' lang='lat' dir='ltr'>Etiam</span> <span class='ocrx_word' id='word_1_26' title='bbox 1956 787 2141 849; x_wconf 90' lang='lat' dir='ltr'>aliud</span> <span class='ocrx_word' id='word_1_27' title='bbox 2201 788 2453 850; x_wconf 81' lang='lat' dir='ltr'>crimen</span> <span class='ocrx_word' id='word_1_28' title='bbox 2498 788 2633 849; x_wconf 90' lang='lat' dir='ltr'>iam</span> 
     </span>
     <span class='ocr_line' id='line_1_5' title="bbox 443 900 2631 983; baseline 0.001 -20"><span class='ocrx_word' id='word_1_29' title='bbox 443 902 653 983; x_wconf 92' lang='lat' dir='ltr'>longe</span> <span class='ocrx_word' id='word_1_30' title='bbox 715 911 873 964; x_wconf 92' lang='lat' dir='ltr'>ante</span> <span class='ocrx_word' id='word_1_31' title='bbox 936 910 1172 963; x_wconf 90' lang='lat' dir='ltr'>contra</span> <span class='ocrx_word' id='word_1_32' title='bbox 1230 900 1626 982; x_wconf 84' lang='lat' dir='ltr'>Philippum</span> <span class='ocrx_word' id='word_1_33' title='bbox 1679 912 2042 983; x_wconf 89' lang='lat' dir='ltr'>paraverat</span> <span class='ocrx_word' id='word_1_34' title='bbox 2096 913 2368 966; x_wconf 86' lang='lat' dir='ltr'>senatus</span> <span class='ocrx_word' id='word_1_35' title='bbox 2385 952 2399 979; x_wconf 86' lang='lat'><strong>,</strong></span> <span class='ocrx_word' id='word_1_36' title='bbox 2448 912 2518 966; x_wconf 92' lang='lat' dir='ltr'>et</span> <span class='ocrx_word' id='word_1_37' title='bbox 2562 903 2631 965; x_wconf 92' lang='lat' dir='ltr'>in</span> 
     </span>
     <span class='ocr_line' id='line_1_6' title="bbox 444 1017 2631 1099; baseline 0.002 -21"><span class='ocrx_word' id='word_1_38' title='bbox 444 1017 799 1079; x_wconf 83' lang='lat' dir='ltr'>annalibus</span> <span class='ocrx_word' id='word_1_39' title='bbox 861 1018 1101 1079; x_wconf 92' lang='lat' dir='ltr'>crebro</span> <span class='ocrx_word' id='word_1_40' title='bbox 1160 1037 1272 1079; x_wconf 92' lang='lat' dir='ltr'>res</span> <span class='ocrx_word' id='word_1_41' title='bbox 1329 1018 1659 1098; x_wconf 89' lang='lat' dir='ltr'>repetitur</span> <span class='ocrx_word' id='word_1_42' title='bbox 1673 1066 1687 1094; x_wconf 93' lang='lat'>‚</span> <span class='ocrx_word' id='word_1_43' title='bbox 1751 1039 1927 1099; x_wconf 92' lang='lat' dir='ltr'>quae</span> <span class='ocrx_word' id='word_1_44' title='bbox 1978 1039 2158 1082; x_wconf 92' lang='lat' dir='ltr'>nunc</span> <span class='ocrx_word' id='word_1_45' title='bbox 2205 1020 2410 1082; x_wconf 89' lang='lat' dir='ltr'>etiam</span> <span class='ocrx_word' id='word_1_46' title='bbox 2455 1019 2631 1082; x_wconf 90' lang='lat' dir='ltr'>inter</span> 
     </span>
     <span class='ocr_line' id='line_1_7' title="bbox 447 1133 2630 1218; baseline 0.001 -23"><span class='ocrx_word' id='word_1_47' title='bbox 447 1153 687 1195; x_wconf 88' lang='lat' dir='ltr'>causas</span> <span class='ocrx_word' id='word_1_48' title='bbox 746 1133 914 1196; x_wconf 93' lang='lat' dir='ltr'>belli</span> <span class='ocrx_word' id='word_1_49' title='bbox 973 1154 1016 1195; x_wconf 91' lang='lat' dir='ltr'>a</span> <span class='ocrx_word' id='word_1_50' title='bbox 1075 1144 1315 1196; x_wconf 90' lang='lat' dir='ltr'>senatu</span> <span class='ocrx_word' id='word_1_51' title='bbox 1374 1144 1563 1197; x_wconf 87' lang='lat' dir='ltr'>mota</span> <span class='ocrx_word' id='word_1_52' title='bbox 1623 1145 1757 1210; x_wconf 89' lang='lat' dir='ltr'>est,</span> <span class='ocrx_word' id='word_1_53' title='bbox 1820 1155 2066 1218; x_wconf 84' lang='lat' dir='ltr'>nempe</span> <span class='ocrx_word' id='word_1_54' title='bbox 2130 1137 2314 1218; x_wconf 89' lang='lat' dir='ltr'>quod</span> <span class='ocrx_word' id='word_1_55' title='bbox 2335 1133 2340 1139; x_wconf 68' lang='grc'><em>’</em></span> <span class='ocrx_word' id='word_1_56' title='bbox 2358 1136 2630 1198; x_wconf 92' lang='lat' dir='ltr'>Poenos</span> 
     </span>
     <span class='ocr_line' id='line_1_8' title="bbox 441 1249 2633 1333; baseline 0.001 -22"><span class='ocrx_word' id='word_1_57' title='bbox 441 1249 711 1312; x_wconf 81' lang='lat' dir='ltr'>auxiliis</span> <span class='ocrx_word' id='word_1_58' title='bbox 783 1250 1062 1312; x_wconf 85' lang='lat' dir='ltr'>iuvisset</span> <span class='ocrx_word' id='word_1_59' title='bbox 1130 1251 1206 1332; x_wconf 92' lang='lat' dir='ltr'>(c.</span> <span class='ocrx_word' id='word_1_60' title='bbox 1286 1273 1308 1312; x_wconf 94' lang='lat'>1</span> <span class='ocrx_word' id='word_1_61' title='bbox 1331 1273 1352 1312; x_wconf 91' lang='lat'>1</span> <span class='ocrx_word' id='word_1_62' title='bbox 1432 1250 1557 1332; x_wconf 92' lang='lat' dir='ltr'>in..)</span> <span class='ocrx_word' id='word_1_63' title='bbox 1649 1250 1804 1313; x_wconf 89' lang='lat' dir='ltr'>Hac</span> <span class='ocrx_word' id='word_1_64' title='bbox 1872 1252 1960 1313; x_wconf 94' lang='lat' dir='ltr'>de</span> <span class='ocrx_word' id='word_1_65' title='bbox 2023 1271 2097 1314; x_wconf 96' lang='lat' dir='ltr'>re</span> <span class='ocrx_word' id='word_1_66' title='bbox 2160 1272 2381 1333; x_wconf 91' lang='lat' dir='ltr'>pauca</span> <span class='ocrx_word' id='word_1_67' title='bbox 2439 1272 2601 1314; x_wconf 88' lang='lat' dir='ltr'>vere</span> <span class='ocrx_word' id='word_1_68' title='bbox 2620 1301 2633 1326; x_wconf 94' lang='lat'>,</span> 
     </span>
     <span class='ocr_line' id='line_1_9' title="bbox 441 1364 2634 1448; baseline 0.002 -22"><span class='ocrx_word' id='word_1_69' title='bbox 441 1365 657 1427; x_wconf 89' lang='lat' dir='ltr'>multa</span> <span class='ocrx_word' id='word_1_70' title='bbox 717 1365 831 1427; x_wconf 89' lang='lat' dir='ltr'>vel</span> <span class='ocrx_word' id='word_1_71' title='bbox 893 1364 1065 1428; x_wconf 90' lang='lat' dir='ltr'>falsa</span> <span class='ocrx_word' id='word_1_72' title='bbox 1123 1367 1237 1428; x_wconf 87' lang='lat' dir='ltr'>vel</span> <span class='ocrx_word' id='word_1_73' title='bbox 1294 1366 1501 1428; x_wconf 91' lang='lat' dir='ltr'>dubia</span> <span class='ocrx_word' id='word_1_74' title='bbox 1547 1387 1588 1428; x_wconf 92' lang='lat' dir='ltr'>a</span> <span class='ocrx_word' id='word_1_75' title='bbox 1633 1366 1831 1429; x_wconf 92' lang='lat' dir='ltr'>Livio</span> <span class='ocrx_word' id='word_1_76' title='bbox 1878 1368 2054 1431; x_wconf 91' lang='lat' dir='ltr'>tradi</span> <span class='ocrx_word' id='word_1_77' title='bbox 2101 1367 2356 1448; x_wconf 89' lang='lat' dir='ltr'>opinor.</span> <span class='ocrx_word' id='word_1_78' title='bbox 2451 1366 2634 1432; x_wconf 90' lang='lat' dir='ltr'>Satis</span> 
     </span>
     <span class='ocr_line' id='line_1_10' title="bbox 448 1479 2634 1564; baseline 0.001 -21"><span class='ocrx_word' id='word_1_79' title='bbox 448 1489 712 1543; x_wconf 89' lang='lat' dir='ltr'>constat</span> <span class='ocrx_word' id='word_1_80' title='bbox 731 1530 745 1556; x_wconf 89' lang='lat'><strong><em>,</em></strong></span> <span class='ocrx_word' id='word_1_81' title='bbox 807 1500 918 1544; x_wconf 91' lang='lat' dir='ltr'>me</span> <span class='ocrx_word' id='word_1_82' title='bbox 982 1482 1205 1545; x_wconf 91' lang='lat' dir='ltr'>iudice</span> <span class='ocrx_word' id='word_1_83' title='bbox 1267 1479 1634 1563; x_wconf 88' lang='lat' dir='ltr'>Sopatrum</span> <span class='ocrx_word' id='word_1_84' title='bbox 1681 1483 2023 1564; x_wconf 91' lang='lat' dir='ltr'>quendam</span> <span class='ocrx_word' id='word_1_85' title='bbox 2069 1483 2522 1546; x_wconf 87' lang='lat' dir='ltr'>Macedonem</span> <span class='ocrx_word' id='word_1_86' title='bbox 2566 1484 2634 1546; x_wconf 91' lang='lat' dir='ltr'>in</span> 
     </span>
     <span class='ocr_line' id='line_1_11' title="bbox 446 1596 2632 1683; baseline 0.002 -25"><span class='ocrx_word' id='word_1_87' title='bbox 446 1596 684 1659; x_wconf 82' lang='lat' dir='ltr'>Africa</span> <span class='ocrx_word' id='word_1_88' title='bbox 731 1597 799 1659; x_wconf 92' lang='lat' dir='ltr'>in</span> <span class='ocrx_word' id='word_1_89' title='bbox 844 1598 1230 1661; x_wconf 91' lang='lat' dir='ltr'>Poenorum</span> <span class='ocrx_word' id='word_1_90' title='bbox 1276 1599 1513 1662; x_wconf 81' lang='lat' dir='ltr'>castris</span> <span class='ocrx_word' id='word_1_91' title='bbox 1558 1598 1765 1662; x_wconf 90' lang='lat' dir='ltr'>fuisse</span> <span class='ocrx_word' id='word_1_92' title='bbox 1813 1609 1883 1662; x_wconf 88' lang='lat' dir='ltr'>et</span> <span class='ocrx_word' id='word_1_93' title='bbox 1929 1620 1972 1661; x_wconf 91' lang='lat' dir='ltr'>a</span> <span class='ocrx_word' id='word_1_94' title='bbox 1996 1600 2331 1662; x_wconf 90' lang='lat' dir='ltr'>Romanis</span> <span class='ocrx_word' id='word_1_95' title='bbox 2358 1610 2632 1683; x_wconf 88' lang='lat' dir='ltr'>captum</span> 
     </span>
     <span class='ocr_line' id='line_1_12' title="bbox 446 1713 2633 1798; baseline 0.002 -23"><span class='ocrx_word' id='word_1_96' title='bbox 446 1734 611 1776; x_wconf 91' lang='lat' dir='ltr'>esse.</span> <span class='ocrx_word' id='word_1_97' title='bbox 705 1713 908 1776; x_wconf 93' lang='lat' dir='ltr'>Hunc</span> <span class='ocrx_word' id='word_1_98' title='bbox 978 1724 1049 1777; x_wconf 88' lang='lat' dir='ltr'>et</span> <span class='ocrx_word' id='word_1_99' title='bbox 1115 1714 1401 1777; x_wconf 90' lang='lat' dir='ltr'>fortasse</span> <span class='ocrx_word' id='word_1_100' title='bbox 1465 1716 1636 1778; x_wconf 91' lang='lat' dir='ltr'>alios</span> <span class='ocrx_word' id='word_1_101' title='bbox 1699 1716 2117 1779; x_wconf 90' lang='lat' dir='ltr'>Macedones</span> <span class='ocrx_word' id='word_1_102' title='bbox 2180 1717 2297 1798; x_wconf 91' lang='lat' dir='ltr'>qui</span> <span class='ocrx_word' id='word_1_103' title='bbox 2351 1736 2504 1779; x_wconf 93' lang='lat' dir='ltr'>cum</span> <span class='ocrx_word' id='word_1_104' title='bbox 2551 1737 2633 1779; x_wconf 94' lang='lat' dir='ltr'>eo</span> 
     </span>
     <span class='ocr_line' id='line_1_13' title="bbox 446 1829 2633 1915; baseline 0.002 -23"><span class='ocrx_word' id='word_1_105' title='bbox 446 1829 732 1892; x_wconf 83' lang='lat' dir='ltr'>fuissent</span> <span class='ocrx_word' id='word_1_106' title='bbox 776 1840 852 1893; x_wconf 89' lang='lat' dir='ltr'>ut</span> <span class='ocrx_word' id='word_1_107' title='bbox 896 1831 1026 1893; x_wconf 89' lang='lat' dir='ltr'>sibi</span> <span class='ocrx_word' id='word_1_108' title='bbox 1068 1831 1501 1894; x_wconf 86' lang='lat' dir='ltr'>restituerent</span> <span class='ocrx_word' id='word_1_109' title='bbox 1544 1832 1874 1907; x_wconf 90' lang='lat' dir='ltr'>Romani,</span> <span class='ocrx_word' id='word_1_110' title='bbox 1920 1852 2045 1914; x_wconf 94' lang='lat' dir='ltr'>per</span> <span class='ocrx_word' id='word_1_111' title='bbox 2088 1833 2360 1915; x_wconf 91' lang='lat' dir='ltr'>legatos</span> <span class='ocrx_word' id='word_1_112' title='bbox 2405 1842 2633 1914; x_wconf 92' lang='lat' dir='ltr'>postu-</span> 
     </span>
     <span class='ocr_line' id='line_1_14' title="bbox 444 1946 2639 2031; baseline 0.002 -24"><span class='ocrx_word' id='word_1_113' title='bbox 444 1946 614 2009; x_wconf 86' lang='lat' dir='ltr'>lavit</span> <span class='ocrx_word' id='word_1_114' title='bbox 657 1946 1016 2030; x_wconf 82' lang='lat' dir='ltr'>Philippus</span> <span class='ocrx_word' id='word_1_115' title='bbox 1060 1967 1187 2010; x_wconf 80' lang='lat' dir='ltr'>rex</span> <span class='ocrx_word' id='word_1_116' title='bbox 1231 1947 1396 2031; x_wconf 86' lang='lat' dir='ltr'>(Liv.</span> <span class='ocrx_word' id='word_1_117' title='bbox 1456 1948 1706 2011; x_wconf 86' lang='lat' dir='ltr'>XXX.</span> <span class='ocrx_word' id='word_1_118' title='bbox 1755 1969 1810 2011; x_wconf 79' lang='lat' dir='ltr'>c,</span> <span class='ocrx_word' id='word_1_119' title='bbox 1861 1948 1983 2031; x_wconf 86' lang='lat'>42).</span> <span class='ocrx_word' id='word_1_120' title='bbox 2075 1948 2177 2011; x_wconf 88' lang='lat' dir='ltr'>Ea</span> <span class='ocrx_word' id='word_1_121' title='bbox 2223 1970 2427 2012; x_wconf 90' lang='lat' dir='ltr'>causa</span> <span class='ocrx_word' id='word_1_122' title='bbox 2470 1950 2639 2012; x_wconf 93' lang='lat' dir='ltr'>belli</span> 
     </span>
     <span class='ocr_line' id='line_1_15' title="bbox 448 2064 2637 2148; baseline 0.002 -24"><span class='ocrx_word' id='word_1_123' title='bbox 448 2083 597 2125; x_wconf 88' lang='lat' dir='ltr'>esse</span> <span class='ocrx_word' id='word_1_124' title='bbox 642 2084 779 2126; x_wconf 90' lang='lat' dir='ltr'>non</span> <span class='ocrx_word' id='word_1_125' title='bbox 824 2064 1063 2145; x_wconf 89' lang='lat' dir='ltr'>potuit.</span> <span class='ocrx_word' id='word_1_126' title='bbox 1132 2064 1289 2127; x_wconf 90' lang='lat' dir='ltr'>Non</span> <span class='ocrx_word' id='word_1_127' title='bbox 1334 2085 1531 2128; x_wconf 91' lang='lat' dir='ltr'>secus</span> <span class='ocrx_word' id='word_1_128' title='bbox 1575 2065 1766 2128; x_wconf 91' lang='lat' dir='ltr'>bello</span> <span class='ocrx_word' id='word_1_129' title='bbox 1812 2066 1981 2128; x_wconf 93' lang='lat' dir='ltr'>Pun.</span> <span class='ocrx_word' id='word_1_130' title='bbox 2027 2065 2078 2128; x_wconf 91' lang='lat' dir='ltr'>I.</span> <span class='ocrx_word' id='word_1_131' title='bbox 2125 2066 2449 2129; x_wconf 89' lang='lat' dir='ltr'>Achaeus</span> <span class='ocrx_word' id='word_1_132' title='bbox 2495 2067 2637 2148; x_wconf 93' lang='lat' dir='ltr'>qui-</span> 
     </span>
     <span class='ocr_line' id='line_1_16' title="bbox 447 2178 2636 2262; baseline 0.002 -22"><span class='ocrx_word' id='word_1_133' title='bbox 447 2180 604 2240; x_wconf 91' lang='lat' dir='ltr'>dam</span> <span class='ocrx_word' id='word_1_134' title='bbox 673 2178 906 2242; x_wconf 81' lang='lat' dir='ltr'>Alexo</span> <span class='ocrx_word' id='word_1_135' title='bbox 975 2179 1287 2262; x_wconf 86' lang='lat' dir='ltr'>Lilybaei</span> <span class='ocrx_word' id='word_1_136' title='bbox 1355 2181 1424 2242; x_wconf 95' lang='lat' dir='ltr'>in</span> <span class='ocrx_word' id='word_1_137' title='bbox 1494 2181 1801 2244; x_wconf 82' lang='lat' dir='ltr'>exercitu</span> <span class='ocrx_word' id='word_1_138' title='bbox 1861 2182 2249 2244; x_wconf 92' lang='lat' dir='ltr'>Poenorum</span> <span class='ocrx_word' id='word_1_139' title='bbox 2303 2182 2636 2245; x_wconf 86' lang='lat' dir='ltr'>militavit.</span> 
     </span>
     <span class='ocr_line' id='line_1_17' title="bbox 447 2292 2636 2381; baseline 0.001 -24"><span class='ocrx_word' id='word_1_140' title='bbox 447 2292 588 2358; x_wconf 89' lang='lat' dir='ltr'>Sed</span> <span class='ocrx_word' id='word_1_141' title='bbox 658 2316 742 2358; x_wconf 93' lang='lat' dir='ltr'>ea</span> <span class='ocrx_word' id='word_1_142' title='bbox 808 2316 883 2358; x_wconf 94' lang='lat' dir='ltr'>re</span> <span class='ocrx_word' id='word_1_143' title='bbox 943 2305 1216 2359; x_wconf 91' lang='lat' dir='ltr'>senatus</span> <span class='ocrx_word' id='word_1_144' title='bbox 1278 2297 1517 2359; x_wconf 89' lang='lat' dir='ltr'>sedulo</span> <span class='ocrx_word' id='word_1_145' title='bbox 1572 2317 1733 2359; x_wconf 91' lang='lat' dir='ltr'>usus</span> <span class='ocrx_word' id='word_1_146' title='bbox 1794 2306 1898 2360; x_wconf 93' lang='lat' dir='ltr'>est</span> <span class='ocrx_word' id='word_1_147' title='bbox 1944 2307 2179 2360; x_wconf 89' lang='lat' dir='ltr'>contra</span> <span class='ocrx_word' id='word_1_148' title='bbox 2222 2298 2636 2381; x_wconf 91' lang='lat' dir='ltr'>Philippum.</span> 
     </span>
     <span class='ocr_line' id='line_1_18' title="bbox 446 2407 2638 2495; baseline 0.001 -22"><span class='ocrx_word' id='word_1_149' title='bbox 446 2407 562 2473; x_wconf 95' lang='lat' dir='ltr'>Sic</span> <span class='ocrx_word' id='word_1_150' title='bbox 632 2411 700 2472; x_wconf 94' lang='lat' dir='ltr'>in</span> <span class='ocrx_word' id='word_1_151' title='bbox 773 2412 1135 2474; x_wconf 89' lang='lat' dir='ltr'>traditione</span> <span class='ocrx_word' id='word_1_152' title='bbox 1202 2411 1527 2474; x_wconf 89' lang='lat' dir='ltr'>Romana</span> <span class='ocrx_word' id='word_1_153' title='bbox 1586 2414 1674 2475; x_wconf 93' lang='lat' dir='ltr'>de</span> <span class='ocrx_word' id='word_1_154' title='bbox 1735 2433 1970 2495; x_wconf 92' lang='lat' dir='ltr'>pugna</span> <span class='ocrx_word' id='word_1_155' title='bbox 2032 2414 2120 2475; x_wconf 93' lang='lat' dir='ltr'>ad</span> <span class='ocrx_word' id='word_1_156' title='bbox 2172 2412 2445 2476; x_wconf 89' lang='lat' dir='ltr'>Zamam</span> <span class='ocrx_word' id='word_1_157' title='bbox 2491 2422 2638 2476; x_wconf 90' lang='lat' dir='ltr'>tota</span> 
     </span>
     <span class='ocr_line' id='line_1_19' title="bbox 444 2527 2637 2612; baseline 0.002 -24"><span class='ocrx_word' id='word_1_158' title='bbox 444 2527 634 2609; x_wconf 92' lang='lat' dir='ltr'>legio</span> <span class='ocrx_word' id='word_1_159' title='bbox 695 2528 1154 2592; x_wconf 92' lang='lat' dir='ltr'>Macedonum</span> <span class='ocrx_word' id='word_1_160' title='bbox 1200 2527 1474 2592; x_wconf 84' lang='lat' dir='ltr'>affuisse</span> <span class='ocrx_word' id='word_1_161' title='bbox 1524 2530 1842 2592; x_wconf 86' lang='lat' dir='ltr'>statuitur</span> <span class='ocrx_word' id='word_1_162' title='bbox 1887 2530 1962 2612; x_wconf 86' lang='lat' dir='ltr'>(e.</span> <span class='ocrx_word' id='word_1_163' title='bbox 2013 2530 2150 2611; x_wconf 84' lang='lat'>33),</span> <span class='ocrx_word' id='word_1_164' title='bbox 2198 2531 2381 2611; x_wconf 91' lang='lat' dir='ltr'>quod</span> <span class='ocrx_word' id='word_1_165' title='bbox 2428 2551 2637 2612; x_wconf 91' lang='lat' dir='ltr'>quarn</span> 
     </span>
     <span class='ocr_line' id='line_1_20' title="bbox 445 2641 2638 2725; baseline 0.001 -22"><span class='ocrx_word' id='word_1_166' title='bbox 445 2662 686 2722; x_wconf 91' lang='lat' dir='ltr'>parum</span> <span class='ocrx_word' id='word_1_167' title='bbox 733 2644 1056 2706; x_wconf 90' lang='lat' dir='ltr'>credibile</span> <span class='ocrx_word' id='word_1_168' title='bbox 1104 2643 1190 2706; x_wconf 90' lang='lat' dir='ltr'>sit</span> <span class='ocrx_word' id='word_1_169' title='bbox 1235 2664 1441 2725; x_wconf 90' lang='lat' dir='ltr'>supra</span> <span class='ocrx_word' id='word_1_170' title='bbox 1486 2644 1920 2707; x_wconf 68' lang='lat' dir='ltr'>ostendimus</span> <span class='ocrx_word' id='word_1_171' title='bbox 1992 2641 2109 2708; x_wconf 91' lang='lat' dir='ltr'>Sic</span> <span class='ocrx_word' id='word_1_172' title='bbox 2154 2644 2289 2706; x_wconf 93' lang='lat' dir='ltr'>iam</span> <span class='ocrx_word' id='word_1_173' title='bbox 2337 2653 2539 2706; x_wconf 88' lang='lat' dir='ltr'>antea</span> <span class='ocrx_word' id='word_1_174' title='bbox 2570 2645 2638 2706; x_wconf 93' lang='lat' dir='ltr'>in</span> 
     </span>
     <span class='ocr_line' id='line_1_21' title="bbox 447 2759 2637 2842; baseline 0 -22"><span class='ocrx_word' id='word_1_175' title='bbox 447 2759 616 2821; x_wconf 89' lang='lat' dir='ltr'>actis</span> <span class='ocrx_word' id='word_1_176' title='bbox 684 2769 959 2821; x_wconf 90' lang='lat' dir='ltr'>senatus</span> <span class='ocrx_word' id='word_1_177' title='bbox 1028 2760 1185 2821; x_wconf 90' lang='lat' dir='ltr'>anni</span> <span class='ocrx_word' id='word_1_178' title='bbox 1258 2780 1380 2838; x_wconf 83' lang='lat'>203</span> <span class='ocrx_word' id='word_1_179' title='bbox 1454 2760 1711 2822; x_wconf 88' lang='lat' dir='ltr'>editum</span> <span class='ocrx_word' id='word_1_180' title='bbox 1781 2770 1928 2822; x_wconf 93' lang='lat' dir='ltr'>erat</span> <span class='ocrx_word' id='word_1_181' title='bbox 1945 2808 1959 2835; x_wconf 93' lang='lat'>,</span> <span class='ocrx_word' id='word_1_182' title='bbox 2030 2760 2300 2842; x_wconf 89' lang='lat' dir='ltr'>legatos</span> <span class='ocrx_word' id='word_1_183' title='bbox 2368 2760 2637 2821; x_wconf 90' lang='lat' dir='ltr'>urbium</span> 
     </span>
     <span class='ocr_line' id='line_1_22' title="bbox 447 2872 2646 2958; baseline 0 -21"><span class='ocrx_word' id='word_1_184' title='bbox 447 2872 861 2938; x_wconf 87' lang='lat' dir='ltr'>Graecarum</span> <span class='ocrx_word' id='word_1_185' title='bbox 945 2877 1280 2939; x_wconf 92' lang='lat' dir='ltr'>sociarum</span> <span class='ocrx_word' id='word_1_186' title='bbox 1367 2873 1792 2939; x_wconf 78' lang='lat' dir='ltr'>nuntz&#39;avz‘sse</span> <span class='ocrx_word' id='word_1_187' title='bbox 1808 2924 1822 2951; x_wconf 92' lang='lat'>‚</span> <span class='ocrx_word' id='word_1_188' title='bbox 1916 2876 2011 2939; x_wconf 95' lang='lat' dir='ltr'>ibi</span> <span class='ocrx_word' id='word_1_189' title='bbox 2094 2894 2368 2938; x_wconf 76' lang='lat' dir='ltr'>rumore</span> <span class='ocrx_word' id='word_1_190' title='bbox 2440 2873 2646 2958; x_wconf 71' lang='lat' dir='ltr'>ferri</span> 
     </span>
     <span class='ocr_line' id='line_1_23' title="bbox 444 2990 2633 3074; baseline 0 -22"><span class='ocrx_word' id='word_1_191' title='bbox 444 2990 838 3072; x_wconf 90' lang='lat' dir='ltr'>Philippum</span> <span class='ocrx_word' id='word_1_192' title='bbox 910 2992 1253 3074; x_wconf 83' lang='lat' dir='ltr'>legionem</span> <span class='ocrx_word' id='word_1_193' title='bbox 1323 3002 1392 3054; x_wconf 93' lang='lat' dir='ltr'>et</span> <span class='ocrx_word' id='word_1_194' title='bbox 1459 2993 1821 3073; x_wconf 89' lang='lat' dir='ltr'>pecuniam</span> <span class='ocrx_word' id='word_1_195' title='bbox 1883 2993 1972 3054; x_wconf 92' lang='lat' dir='ltr'>ad</span> <span class='ocrx_word' id='word_1_196' title='bbox 2023 2992 2293 3054; x_wconf 92' lang='lat' dir='ltr'>Poenos</span> <span class='ocrx_word' id='word_1_197' title='bbox 2339 2991 2633 3065; x_wconf 90' lang='lat' dir='ltr'>misisse;</span> 
     </span>
     <span class='ocr_line' id='line_1_24' title="bbox 445 3106 2636 3190; baseline -0 -21"><span class='ocrx_word' id='word_1_198' title='bbox 445 3117 589 3169; x_wconf 92' lang='lat' dir='ltr'>tum</span> <span class='ocrx_word' id='word_1_199' title='bbox 633 3117 943 3170; x_wconf 90' lang='lat' dir='ltr'>senatum</span> <span class='ocrx_word' id='word_1_200' title='bbox 988 3108 1259 3190; x_wconf 93' lang='lat' dir='ltr'>legatos</span> <span class='ocrx_word' id='word_1_201' title='bbox 1306 3108 1397 3170; x_wconf 95' lang='lat' dir='ltr'>ad</span> <span class='ocrx_word' id='word_1_202' title='bbox 1440 3128 1681 3190; x_wconf 91' lang='lat' dir='ltr'>regem</span> <span class='ocrx_word' id='word_1_203' title='bbox 1727 3108 2092 3171; x_wconf 89' lang='lat' dir='ltr'>mittendos</span> <span class='ocrx_word' id='word_1_204' title='bbox 2139 3107 2481 3171; x_wconf 89' lang='lat' dir='ltr'>censuisse</span> <span class='ocrx_word' id='word_1_205' title='bbox 2520 3106 2636 3188; x_wconf 91' lang='lat' dir='ltr'>qui</span> 
     </span>
     <span class='ocr_line' id='line_1_25' title="bbox 445 3221 2637 3306; baseline 0 -23"><span class='ocrx_word' id='word_1_206' title='bbox 445 3223 617 3285; x_wconf 91' lang='lat' dir='ltr'>haec</span> <span class='ocrx_word' id='word_1_207' title='bbox 663 3225 991 3286; x_wconf 89' lang='lat' dir='ltr'>adversus</span> <span class='ocrx_word' id='word_1_208' title='bbox 1036 3223 1277 3286; x_wconf 86' lang='lat' dir='ltr'>foedus</span> <span class='ocrx_word' id='word_1_209' title='bbox 1322 3223 1504 3287; x_wconf 87' lang='lat' dir='ltr'>facta</span> <span class='ocrx_word' id='word_1_210' title='bbox 1550 3224 1767 3286; x_wconf 86' lang='lat' dir='ltr'>videri</span> <span class='ocrx_word' id='word_1_211' title='bbox 1811 3223 2194 3294; x_wconf 85' lang='lat' dir='ltr'>nuntiarent</span> <span class='ocrx_word' id='word_1_212' title='bbox 2225 3223 2402 3306; x_wconf 91' lang='lat' dir='ltr'>(ibid.</span> <span class='ocrx_word' id='word_1_213' title='bbox 2434 3244 2488 3287; x_wconf 87' lang='lat' dir='ltr'>e.</span> <span class='ocrx_word' id='word_1_214' title='bbox 2520 3221 2637 3304; x_wconf 89' lang='lat'>26).</span> 
     </span>
     <span class='ocr_line' id='line_1_26' title="bbox 446 3339 2638 3423; baseline -0 -21"><span class='ocrx_word' id='word_1_215' title='bbox 446 3339 662 3403; x_wconf 91' lang='lat' dir='ltr'>Vides</span> <span class='ocrx_word' id='word_1_216' title='bbox 708 3362 913 3423; x_wconf 91' lang='lat' dir='ltr'>quam</span> <span class='ocrx_word' id='word_1_217' title='bbox 958 3342 1215 3405; x_wconf 91' lang='lat' dir='ltr'>incerta</span> <span class='ocrx_word' id='word_1_218' title='bbox 1259 3351 1407 3405; x_wconf 90' lang='lat' dir='ltr'>tota</span> <span class='ocrx_word' id='word_1_219' title='bbox 1450 3362 1560 3404; x_wconf 93' lang='lat' dir='ltr'>res</span> <span class='ocrx_word' id='word_1_220' title='bbox 1607 3341 1724 3416; x_wconf 89' lang='lat' dir='ltr'>sit;</span> <span class='ocrx_word' id='word_1_221' title='bbox 1772 3341 2061 3422; x_wconf 91' lang='lat' dir='ltr'>denique</span> <span class='ocrx_word' id='word_1_222' title='bbox 2108 3342 2164 3403; x_wconf 94' lang='lat' dir='ltr'>si</span> <span class='ocrx_word' id='word_1_223' title='bbox 2194 3360 2431 3403; x_wconf 86' lang='lat' dir='ltr'>verum</span> <span class='ocrx_word' id='word_1_224' title='bbox 2457 3347 2638 3402; x_wconf 89' lang='lat' dir='ltr'>esset</span> 
     </span>
     <span class='ocr_line' id='line_1_27' title="bbox 446 3455 2638 3538; baseline -0 -21"><span class='ocrx_word' id='word_1_225' title='bbox 446 3456 793 3538; x_wconf 85' lang='lat' dir='ltr'>legionem</span> <span class='ocrx_word' id='word_1_226' title='bbox 851 3456 1367 3520; x_wconf 86' lang='lat' dir='ltr'>Macedonicam</span> <span class='ocrx_word' id='word_1_227' title='bbox 1415 3466 1484 3519; x_wconf 88' lang='lat' dir='ltr'>et</span> <span class='ocrx_word' id='word_1_228' title='bbox 1526 3457 1890 3538; x_wconf 93' lang='lat' dir='ltr'>pecuniam</span> <span class='ocrx_word' id='word_1_229' title='bbox 1936 3456 2197 3519; x_wconf 88' lang='lat' dir='ltr'>misisse</span> <span class='ocrx_word' id='word_1_230' title='bbox 2246 3455 2638 3537; x_wconf 90' lang='lat' dir='ltr'>Philippum</span> 
     </span>
     <span class='ocr_line' id='line_1_28' title="bbox 447 3571 2637 3655; baseline -0 -22"><span class='ocrx_word' id='word_1_231' title='bbox 447 3590 686 3654; x_wconf 92' lang='lat' dir='ltr'>regem</span> <span class='ocrx_word' id='word_1_232' title='bbox 708 3621 722 3648; x_wconf 93' lang='lat'>,</span> <span class='ocrx_word' id='word_1_233' title='bbox 789 3582 859 3635; x_wconf 88' lang='lat' dir='ltr'>et</span> <span class='ocrx_word' id='word_1_234' title='bbox 903 3571 1112 3636; x_wconf 89' lang='lat' dir='ltr'>talem</span> <span class='ocrx_word' id='word_1_235' title='bbox 1158 3573 1578 3655; x_wconf 86' lang='lat' dir='ltr'>legationem</span> <span class='ocrx_word' id='word_1_236' title='bbox 1624 3574 2015 3636; x_wconf 88' lang='lat' dir='ltr'>Romanam</span> <span class='ocrx_word' id='word_1_237' title='bbox 2062 3573 2153 3634; x_wconf 93' lang='lat' dir='ltr'>ad</span> <span class='ocrx_word' id='word_1_238' title='bbox 2198 3592 2352 3634; x_wconf 93' lang='lat' dir='ltr'>eum</span> <span class='ocrx_word' id='word_1_239' title='bbox 2398 3590 2637 3651; x_wconf 86' lang='lat' dir='ltr'>perve-</span> 
     </span>
     <span class='ocr_line' id='line_1_29' title="bbox 451 3686 2639 3771; baseline -0.001 -21"><span class='ocrx_word' id='word_1_240' title='bbox 451 3689 631 3750; x_wconf 89' lang='lat' dir='ltr'>nisse</span> <span class='ocrx_word' id='word_1_241' title='bbox 649 3738 663 3763; x_wconf 93' lang='lat'><strong>,</strong></span> <span class='ocrx_word' id='word_1_242' title='bbox 724 3689 846 3751; x_wconf 81' lang='lat' dir='ltr'>vix</span> <span class='ocrx_word' id='word_1_243' title='bbox 904 3687 1051 3752; x_wconf 89' lang='lat' dir='ltr'>fieri</span> <span class='ocrx_word' id='word_1_244' title='bbox 1110 3690 1444 3770; x_wconf 87' lang='lat' dir='ltr'>potuisset</span> <span class='ocrx_word' id='word_1_245' title='bbox 1499 3699 1573 3751; x_wconf 93' lang='lat' dir='ltr'>ut</span> <span class='ocrx_word' id='word_1_246' title='bbox 1618 3699 1775 3771; x_wconf 90' lang='lat' dir='ltr'>post</span> <span class='ocrx_word' id='word_1_247' title='bbox 1819 3688 2023 3752; x_wconf 91' lang='lat' dir='ltr'>finem</span> <span class='ocrx_word' id='word_1_248' title='bbox 2069 3688 2237 3751; x_wconf 93' lang='lat' dir='ltr'>belli</span> <span class='ocrx_word' id='word_1_249' title='bbox 2280 3686 2639 3767; x_wconf 91' lang='lat' dir='ltr'>Philippus</span> 
     </span>
     <span class='ocr_line' id='line_1_30' title="bbox 448 3802 2637 3886; baseline -0.001 -20"><span class='ocrx_word' id='word_1_250' title='bbox 448 3824 573 3885; x_wconf 91' lang='lat' dir='ltr'>per</span> <span class='ocrx_word' id='word_1_251' title='bbox 614 3804 887 3886; x_wconf 90' lang='lat' dir='ltr'>legatos</span> <span class='ocrx_word' id='word_1_252' title='bbox 933 3805 1347 3886; x_wconf 90' lang='lat' dir='ltr'>postulasset</span> <span class='ocrx_word' id='word_1_253' title='bbox 1391 3814 1467 3868; x_wconf 91' lang='lat' dir='ltr'>ut</span> <span class='ocrx_word' id='word_1_254' title='bbox 1511 3805 1930 3868; x_wconf 89' lang='lat' dir='ltr'>Macedones</span> <span class='ocrx_word' id='word_1_255' title='bbox 1978 3804 2231 3885; x_wconf 89' lang='lat' dir='ltr'>captivi</span> <span class='ocrx_word' id='word_1_256' title='bbox 2276 3802 2408 3865; x_wconf 91' lang='lat' dir='ltr'>sibi</span> <span class='ocrx_word' id='word_1_257' title='bbox 2447 3802 2637 3865; x_wconf 89' lang='lat' dir='ltr'>resti-</span> 
     </span>
     <span class='ocr_line' id='line_1_31' title="bbox 455 3919 2638 4002; baseline -0.001 -21"><span class='ocrx_word' id='word_1_258' title='bbox 455 3929 805 3983; x_wconf 89' lang='lat' dir='ltr'>tuerentur</span> <span class='ocrx_word' id='word_1_259' title='bbox 828 3969 843 3995; x_wconf 91' lang='lat'><strong>,</strong></span> <span class='ocrx_word' id='word_1_260' title='bbox 922 3921 1106 4002; x_wconf 90' lang='lat' dir='ltr'>quod</span> <span class='ocrx_word' id='word_1_261' title='bbox 1180 3930 1406 3984; x_wconf 88' lang='lat' dir='ltr'>tamen</span> <span class='ocrx_word' id='word_1_262' title='bbox 1483 3920 1739 3983; x_wconf 87' lang='lat' dir='ltr'>factum</span> <span class='ocrx_word' id='word_1_263' title='bbox 1811 3941 1960 3984; x_wconf 92' lang='lat' dir='ltr'>esse</span> <span class='ocrx_word' id='word_1_264' title='bbox 2034 3927 2300 3983; x_wconf 88' lang='lat' dir='ltr'>constat</span> <span class='ocrx_word' id='word_1_265' title='bbox 2367 3919 2443 4001; x_wconf 90' lang='lat' dir='ltr'>(c.</span> <span class='ocrx_word' id='word_1_266' title='bbox 2516 3919 2638 3998; x_wconf 89' lang='lat'>42).</span> 
     </span>
     <span class='ocr_line' id='line_1_32' title="bbox 456 4033 2640 4117; baseline -0.001 -20"><span class='ocrx_word' id='word_1_267' title='bbox 456 4035 738 4098; x_wconf 82' lang='lat' dir='ltr'>Auxilia</span> <span class='ocrx_word' id='word_1_268' title='bbox 772 4037 1119 4117; x_wconf 90' lang='lat' dir='ltr'>copiarum</span> <span class='ocrx_word' id='word_1_269' title='bbox 1152 4046 1222 4099; x_wconf 88' lang='lat' dir='ltr'>et</span> <span class='ocrx_word' id='word_1_270' title='bbox 1251 4036 1582 4117; x_wconf 91' lang='lat' dir='ltr'>pecuniae</span> <span class='ocrx_word' id='word_1_271' title='bbox 1619 4057 1660 4098; x_wconf 98' lang='lat' dir='ltr'>a</span> <span class='ocrx_word' id='word_1_272' title='bbox 1682 4036 2004 4117; x_wconf 91' lang='lat' dir='ltr'>Philippo</span> <span class='ocrx_word' id='word_1_273' title='bbox 2030 4036 2118 4097; x_wconf 92' lang='lat' dir='ltr'>ad</span> <span class='ocrx_word' id='word_1_274' title='bbox 2140 4035 2412 4096; x_wconf 93' lang='lat' dir='ltr'>Poenos</span> <span class='ocrx_word' id='word_1_275' title='bbox 2434 4033 2640 4095; x_wconf 89' lang='lat' dir='ltr'>missa</span> 
     </span>
     <span class='ocr_line' id='line_1_33' title="bbox 458 4147 2637 4233; baseline -0.001 -21"><span class='ocrx_word' id='word_1_276' title='bbox 458 4171 608 4213; x_wconf 90' lang='lat' dir='ltr'>esse</span> <span class='ocrx_word' id='word_1_277' title='bbox 654 4147 797 4213; x_wconf 35' lang='lat' dir='ltr'>non*</span> <span class='ocrx_word' id='word_1_278' title='bbox 837 4152 1057 4233; x_wconf 88' lang='lat' dir='ltr'>magis</span> <span class='ocrx_word' id='word_1_279' title='bbox 1102 4172 1268 4214; x_wconf 89' lang='lat' dir='ltr'>vero</span> <span class='ocrx_word' id='word_1_280' title='bbox 1315 4152 1533 4214; x_wconf 91' lang='lat' dir='ltr'>simile</span> <span class='ocrx_word' id='word_1_281' title='bbox 1577 4152 1744 4214; x_wconf 87' lang='lat' dir='ltr'>mihi</span> <span class='ocrx_word' id='word_1_282' title='bbox 1787 4152 2056 4213; x_wconf 84' lang='lat' dir='ltr'>Videtur</span> <span class='ocrx_word' id='word_1_283' title='bbox 2099 4169 2300 4230; x_wconf 92' lang='lat' dir='ltr'>quam</span> <span class='ocrx_word' id='word_1_284' title='bbox 2330 4149 2451 4210; x_wconf 92' lang='lat' dir='ltr'>illa</span> <span class='ocrx_word' id='word_1_285' title='bbox 2483 4168 2637 4210; x_wconf 91' lang='lat' dir='ltr'>con-</span> 
     </span>
     <span class='ocr_line' id='line_1_34' title="bbox 455 4264 2637 4349; baseline -0.001 -22"><span class='ocrx_word' id='word_1_286' title='bbox 455 4266 606 4328; x_wconf 88' lang='lat' dir='ltr'>silia</span> <span class='ocrx_word' id='word_1_287' title='bbox 650 4267 972 4349; x_wconf 92' lang='lat' dir='ltr'>Philippo</span> <span class='ocrx_word' id='word_1_288' title='bbox 1017 4267 1251 4349; x_wconf 88' lang='lat' dir='ltr'>paullo</span> <span class='ocrx_word' id='word_1_289' title='bbox 1298 4277 1454 4348; x_wconf 94' lang='lat' dir='ltr'>post</span> <span class='ocrx_word' id='word_1_290' title='bbox 1500 4288 1542 4329; x_wconf 93' lang='lat' dir='ltr'>a</span> <span class='ocrx_word' id='word_1_291' title='bbox 1586 4277 1827 4330; x_wconf 89' lang='lat' dir='ltr'>senatu</span> <span class='ocrx_word' id='word_1_292' title='bbox 1870 4267 2146 4330; x_wconf 89' lang='lat' dir='ltr'>obtrusa</span> <span class='ocrx_word' id='word_1_293' title='bbox 2174 4285 2421 4346; x_wconf 92' lang='lat' dir='ltr'>nempe</span> <span class='ocrx_word' id='word_1_294' title='bbox 2454 4264 2637 4345; x_wconf 90' lang='lat' dir='ltr'>quod</span> 
     </span>
     <span class='ocr_line' id='line_1_35' title="bbox 454 4379 2636 4463; baseline -0.001 -19"><span class='ocrx_word' id='word_1_295' title='bbox 454 4391 530 4444; x_wconf 88' lang='lat' dir='ltr'>ut</span> <span class='ocrx_word' id='word_1_296' title='bbox 590 4382 762 4445; x_wconf 88' lang='lat' dir='ltr'>alter</span> <span class='ocrx_word' id='word_1_297' title='bbox 818 4383 1120 4463; x_wconf 87' lang='lat' dir='ltr'>Pyrrhus</span> <span class='ocrx_word' id='word_1_298' title='bbox 1165 4382 1433 4445; x_wconf 88' lang='lat' dir='ltr'>Italiam</span> <span class='ocrx_word' id='word_1_299' title='bbox 1477 4382 1829 4446; x_wconf 87' lang='lat' dir='ltr'>invasurus</span> <span class='ocrx_word' id='word_1_300' title='bbox 1876 4391 2072 4446; x_wconf 88' lang='lat' dir='ltr'>esset.</span> <span class='ocrx_word' id='word_1_301' title='bbox 2165 4379 2305 4445; x_wconf 89' lang='lat' dir='ltr'>Sed</span> <span class='ocrx_word' id='word_1_302' title='bbox 2350 4388 2636 4463; x_wconf 88' lang='lat' dir='ltr'>apparet</span> 
     </span>
    </p>
   </div>
  </div>
 </body>
</html>
