3375 5084
1850 310 1930 382 48

730 472 736 477 ⁸
803 494 1218 579 „Sequamur
1299 498 1480 559 enim
1556 497 1979 578 potissimum
2035 497 2412 579 Polybium
2456 505 2755 558 nostrum
2779 542 2793 567 ,
2841 511 2979 574 quo

793 632 995 674 nemo
1040 612 1166 675 fuit
1209 614 1280 675 in
1325 614 1759 695 exquirendis
1804 614 2221 695 temporibus
2267 611 2708 695 diligentior.''

885 727 1127 794 Annos
1185 748 1428 810 regum
1489 750 1579 791 ex
1641 730 1884 791 eodem
1947 729 2237 811 Polybio
2289 725 2331 809 ¹)
2393 728 2629 792 Cicero
2692 722 2980 806 exponit

797 819 955 904 hos:
1024 843 1329 906 Romulo
1393 864 1471 924 37
1539 844 1614 926 (c.
1685 844 1815 925 10);
1875 844 2140 907 Numae
2204 866 2286 924 39
2334 844 2409 926 (c.
2465 842 2593 924 14);
2639 841 2841 904 Anco
2892 824 2976 915 2'3

796 957 871 1039 (e.
950 957 1081 1039 18);
1152 959 1518 1042 Tarquinio
1586 956 1821 1023 Prisco
1892 965 1973 1039 38
2045 961 2121 1043 (c.
2195 960 2314 1042 20).
2419 959 2686 1022 Deinde
2767 959 2822 1019 c.
2904 973 2980 1031 15

793 1073 1121 1157 legimus:
1198 1075 1593 1158 „Olympias
1639 1078 1819 1139 enirn
1850 1079 2147 1141 secunda
2179 1088 2248 1141 et
2282 1077 2715 1159 sexagesima
2739 1075 2987 1137 eadem

801 1187 1095 1272 Superbi
1140 1191 1401 1254 initium
1446 1202 1518 1255 et
1561 1193 2002 1276 Pythagorae
2048 1195 2352 1258 declarat
2396 1195 2777 1256 adventum.
2876 1189 2992 1251 Ex

881 1457 928 1538 ¹)
986 1457 1203 1518 Omnia
1265 1478 1417 1536 quae
1473 1459 1684 1521 Cicero
1741 1461 1818 1521 de
1868 1461 2103 1539 regibus
2159 1463 2358 1522 tradat
2372 1509 2387 1537 ,
2433 1481 2467 1522 e
2507 1460 2755 1538 Polybio
2797 1467 3000 1518 sumta

794 1575 920 1616 esse
962 1575 1034 1616 eo
1076 1556 1255 1615 etiam
1301 1559 1627 1617 affirmatur
1671 1559 1835 1635 quod
1877 1579 2016 1618 cum
2056 1561 2452 1638 fragmentum
2484 1558 2714 1636 Polybii
2744 1554 3002 1634 supersit

792 1657 869 1716 de
911 1655 1078 1714 Lucii
1118 1657 1295 1716 rebus
1340 1677 1520 1735 agens
1564 1657 1693 1737 (VI.
1739 1678 1787 1716 e.
1838 1680 1869 1717 2
1914 1666 1942 1730 §
1977 1658 2254 1737 10—15),
2277 1659 2437 1719 idem
2459 1659 2621 1737 apud
2642 1657 2998 1718 Ciceronem

790 1753 969 1813 latine
1008 1774 1246 1813 versum
1288 1755 1523 1834 legitur.

873 1854 941 1911 P.
1009 1860 1038 1923 ἓ
1105 1872 1209 1910 12:
1280 1860 1456 1933 τυχὼν
1507 1866 1600 1923 τῆς
1646 1860 1933 1924 πολιτείας,
1974 1861 2167 1923 εὐθέως
2323 1855 2450 1916 Cic.
2476 1875 2528 1914 C.
2557 1876 2796 1914 202....
2827 1851 3005 1912 facile

788 1955 1054 2030 ἡρμόσατο
1108 1954 1234 2029 πρὸς
1284 1956 1379 2016 τὴν
1436 1961 1529 2011 τοῦ
1577 1956 1833 2030 βασιλέως
1879 1958 2165 2031 ἀρέσκειαν.
2243 1954 2305 2013 in
2360 1954 2661 2015 civitatem
2716 1962 3001 2030 receptus

790 2052 927 2127 ταχὺ
980 2051 1038 2108 δὲ
1093 2053 1175 2107 καὶ
1227 2052 1317 2107 διὰ
1366 2053 1459 2111 τὴν
1507 2056 1765 2127 χορηγίαν
1817 2053 1905 2107 καὶ
1943 2052 1979 2108 δ
1981 2053 2034 2108 ιὰ
2070 2054 2165 2112 τὴν
2244 2062 2395 2113 esset
2441 2062 2685 2130 propter
2724 2049 3003 2121 humani-

788 2155 880 2210 τῆς
931 2152 1122 2223 φύσεως
1180 2148 1578 2216 ἐπιδεξιότητα,
1643 2149 1730 2204 καὶ
1791 2150 2023 2224 μάλιστα
2075 2149 2166 2205 διὰ
2244 2162 2427 2211 tatem
2447 2159 2629 2228 atque
2655 2149 3000 2210 doctrinam

738 2246 882 2324 3r2'nv
920 2246 974 2300 ἐκ
1011 2244 1214 2301 παίδων
1254 2247 1467 2319 ἀγωγὴν
1507 2246 1737 2320 ἁρμόσας
1761 2254 1832 2319 τῷ
1857 2255 2160 2320 προεστῶτι,
2237 2253 2411 2310 Anco
2427 2249 2581 2328 Regi
2595 2247 2896 2308 familiaris
2908 2256 3004 2306 est

788 2348 1017 2422 μεγάλης
1073 2346 1348 2423 ἀποδοχῆς
1408 2346 1559 2422 ἔτυχε
1618 2348 1708 2402 καὶ
1769 2352 1987 2412 πίστεως
2043 2340 2165 2423 παρ’
2240 2350 2653 2426 factUS‚usque
2668 2367 2761 2420 ΕΟ,
2783 2356 3007 2406 utcon-

790 2445 952 2517 αὐτῷ.
986 2445 1176 2519 χρόνου
1203 2443 1263 2499 δὲ
1287 2444 1552 2518 προίόντος
1582 2446 1652 2508 εἰς
1673 2440 1810 2500 τοῦτ’
1835 2442 1974 2505 ἦλθε
1998 2467 2167 2520 παρα·
2243 2445 2507 2506 siliorurn
2550 2445 2821 2506 omnium
2866 2462 3004 2521 par-

789 2540 975 2615 δοχῆς,
1027 2543 1158 2596 ὥστε
1208 2535 1517 2597 συνδιοικεῖν
1567 2547 1653 2596 καὶ
1704 2545 2045 2616 συγχειρίζειν
2094 2550 2166 2615 τῷ
2245 2545 2429 2622 ticeps
2472 2555 2532 2605 et
2574 2543 2769 2605 socius
2808 2561 3008 2620 paene

788 2645 984 2718 Μάρκῳ
1035 2643 1104 2700 τὰ
1152 2644 1287 2699 κατὰ
1323 2645 1418 2704 τὴν
1457 2645 1752 2719 βασιλείαν,
1790 2647 1842 2700 ἐν
1880 2645 1939 2700 δὲ
1973 2647 2172 2707 τούτοις
2244 2642 2410 2722 regni
2453 2652 2783 2721 putaretur.
2853 2642 3008 2700 Erat

727 2754 731 2759 ’
786 2733 862 2795 ἐπ’
913 2741 1108 2815 ἀγαθῷ
1156 2745 1289 2796 πᾶσι
1335 2741 1606 2816 γενόμενος
1650 2742 1743 2796 καὶ
1792 2749 2043 2815 συνεργῶν
2082 2742 2168 2797 καὶ
2244 2741 2303 2803 in
2340 2762 2412 2803 eo
2434 2751 2743 2820 praeterea
2767 2758 3011 2799 summa

790 2840 1286 2908 συγκατασκευάζων
1349 2844 1458 2900 τοῖς
1519 2838 1772 2912 δεομένοις
1828 2838 1912 2892 ἀεί
1963 2861 2014 2893 τι
2062 2844 2166 2892 τῶν
2243 2838 2513 2915 comitas,
2524 2837 2867 2899 summaein
2878 2857 3012 2895 om—

791 2941 1083 3012 χρησίμων,
1135 2941 1248 3013 ἅμα
1294 2937 1354 2995 δὲ
1402 2940 1489 2994 καὶ
1537 2949 1600 3015 τῇ
1646 2947 1737 2995 τοῦ
1784 2941 1905 3014 βίου
1942 2945 2172 3016 χορηγίᾳ
2247 2958 2351 2998 nes
2393 2937 2552 2998 cives
2596 2957 2743 3014 opes
2773 2934 3015 3010 auxilii,

788 3034 1164 3109 μεγαλοψύχως
1189 3037 1259 3099 εἰς
1280 3043 1343 3112 τῇ
1367 3036 1483 3092 δέον
1511 3038 1756 3093 ἑκάστοτε
1780 3038 1868 3091 καὶ
1894 3037 1988 3093 σὺν
2008 3045 2168 3111 καιρῷ
2245 3035 2602 3096 defensionis
2617 3082 2633 3111 ,
2714 3033 3018 3113 largiendi

790 3132 1072 3204 χρώμενος,
1111 3132 1163 3185 ἐν
1202 3132 1413 3195 πολλοῖς
1447 3132 1537 3207 μὲν
1576 3135 1859 3189 ἀπετίθετο
1894 3136 2073 3209 χάριν,
2118 3133 2168 3186 ἐν
2246 3132 3015 3212 etiambenignitathaque

790 3230 923 3281 πᾶσι
978 3220 1024 3280 δ’
1082 3223 1280 3282 εὔνοιαν
1336 3228 1668 3303 ἐνειργάσατο
1726 3229 1815 3285 καὶ
1871 3235 2039 3304 φήμην
2089 3229 2173 3284 ἐπὶ
2251 3243 2490 3293 mortuo
2518 3231 2752 3292 Marcio
2776 3230 3019 3290 cunctis

794 3325 1166 3403 καλοκαγαθία
1203 3330 1293 3384 καὶ
1331 3337 1423 3394 τῆς
1457 3331 1730 3406 βασιλείας
1766 3331 1968 3406 ἔτυχεν.
2249 3331 2456 3408 populi
2477 3329 2770 3409 suffragiis
2795 3349 2905 3389 rex
2925 3338 3022 3389 est

2251 3438 2504 3489 creatus.

807 3522 903 3581 De
948 3524 1121 3582 Anco
1164 3524 1563 3602 fragmentum
1604 3525 1832 3603 Polybii
1873 3524 1975 3606 (ib.
2020 3535 2048 3598 ς
2091 3525 2152 3607 9)
2191 3527 2440 3587 recurrit
2468 3528 2631 3605 apud
2654 3526 3028 3587 Ciceronem

802 3620 866 3700 (l.
914 3620 953 3678 l.
995 3639 1048 3679 c.
1100 3621 1197 3702 18)
1240 3627 1409 3685 ἔκτισε
1445 3629 1504 3684 δὲ
1542 3631 1629 3684 καὶ
1665 3629 1815 3685 πόλιν
1852 3624 2070 3685 Ὠστίαν
2110 3631 2193 3684 ἐπὶ
2235 3631 2504 3705 Τιβέριδος
2547 3635 2648 3703 „et
2689 3626 2773 3685 ad
2795 3625 3033 3685 ostium

803 3716 1038 3778 Tiberis
1080 3721 1290 3779 urbem
1335 3719 1603 3780 condidit
1644 3719 1986 3797 colonisque
2027 3719 2299 3780 firmavit.

890 3816 1254 3876 Hullemann
1312 3817 1554 3897 (disput.
1613 3818 1746 3877 crit.
1792 3820 1869 3878 de
1908 3838 2044 3878 ann.
2086 3838 2243 3879 max.
2286 3821 2619 3880 Amstelod.
2670 3822 2827 3899 1855
2851 3868 2867 3896 ,
2914 3822 3030 3882 cfr.

801 3913 978 3973 Peter
1035 3909 1118 3973 H.
1171 3917 1251 3974 R.
1292 3917 1368 3974 R.
1409 3936 1470 3993 p.
1513 3915 1624 3996 IV)
1668 3916 1995 3992 suspicatur
2037 3917 2275 3993 quidem
2294 3962 2309 3991 ,
2352 3920 2541 3977 multa
2582 3938 2738 3994 quae
2783 3920 2919 3980 Cic.
2967 3921 3037 3979 in

803 4012 960 4071 libro
1022 4013 1099 4071 Π.
1165 4013 1241 4072 de
1297 4014 1451 4090 Rep.
1507 4014 1687 4072 habet
1737 4014 2042 4073 referenda
2096 4034 2221 4074 esse
2261 4017 2339 4075 ad
2383 4017 2648 4076 tabulam
2695 4018 3037 4094 pontificis,

803 4109 924 4178 Sed
966 4127 1118 4183 quae
1159 4109 1472 4185 composui
1516 4119 1824 4168 auctorem
1864 4110 2037 4170 fuisse
2078 4112 2388 4189 Polybium
2425 4115 2688 4191 probant
2705 4162 2721 4190 ,
2753 4117 3041 4194 denique

803 4207 1019 4266 Cicero
1075 4208 1152 4265 H.
1220 4225 1288 4284 15
1348 4207 1566 4267 diserte
1606 4205 1759 4264 inter
1802 4226 1864 4265 se
1905 4209 2152 4286 opponit
2196 4212 2437 4271 annales
2480 4213 2755 4291 publicos
2802 4226 2870 4275 et
2914 4219 3044 4277 Po-

801 4302 1034 4382 lybium
1075 4323 1255 4379 quem
1300 4303 1583 4379 sequitur.
2168 4300 2173 4306 ’
